3084 4834
139 470 258 553 singuli
289 468 429 533 homines
457 467 583 551 genium
613 488 703 534 suurn
726 468 856 545 habent,
885 466 940 552 qui
963 485 1014 532 eos
1036 468 1201 533 comitatur
1223 486 1260 533 oc

140 574 277 641 custodit
292 578 337 657 ¹),
380 576 425 639 sic
459 573 636 639 doemonem
678 578 710 639 ct
744 576 855 659 tychen
899 575 1038 640 homines
1075 593 1193 640 seruare
1227 577 1261 642 et

139 682 295 748 custodire
311 681 437 747 Graecis
452 700 627 763 persuasum
645 685 719 747 eret.
759 681 827 763 Qua
849 681 882 746 iu
902 701 935 746 re
950 680 1132 747 Graecorum
1149 682 1261 764 religio

140 790 354 854 vehementem
379 788 558 854 altomeris
572 787 739 871 impulsum
755 788 907 870 accepisse
927 787 1057 866 uidetur,
1080 807 1151 854 cum
1173 788 1259 871 genii

139 896 245 960 cultus
260 895 327 959 sine
346 894 439 959 dubio
454 895 628 960 allomeris
645 896 790 960 inuentus
808 897 839 959 et
856 898 963 960 auctus
982 895 1025 960 sit
1037 896 1074 975 ²).
1106 897 1152 961 Ac
1167 896 1259 962 sicuti

139 1001 308 1085 singularis
325 1001 410 1084 genii
429 1001 513 1066 notio
536 1000 718 1067 aRomenis
740 999 890 1084 paulatim
914 1000 946 1065 in
969 1001 1173 1067 universalem
1196 1006 1211 1069 t
1243 1038 1259 1051 ·

140 1108 236 1172 ducto
252 1111 307 1180 est.
327 1106 372 1172 its
387 1111 423 1172 ut
440 1105 586 1184 familiae,
604 1110 720 1192 gentes,
740 1108 839 1184 urbes,
859 1126 907 1172 res
922 1108 1070 1189 publices,
1086 1109 1259 1207 societates,

140 1213 273 1287 ordines,
296 1214 366 1291 loci,
391 1217 527 1296 tempore
541 1233 631 1279 suum
646 1213 771 1297 genium
793 1214 948 1292 habereut,
970 1213 1016 1278 sic
1029 1214 1119 1298 tycho
1142 1233 1261 1299 quoque

141 1322 201 1386 hoc
223 1320 445 1403 significatione
474 1320 562 1385 nobis
584 1321 723 1397 offertur,
753 1339 844 1404 quum
875 1320 909 1384 in
937 1319 1096 1385 Plutarchi
1119 1322 1262 1404 operibus

143 1427 264 1510 saepius
286 1427 463 1509 reperimus.
503 1426 546 1492 Ut
569 1426 717 1509 exemplis
731 1431 865 1503 utamur,
888 1427 998 1510 tychen
1015 1427 1101 1492 urbis
1122 1428 1262 1493 nominat

144 1536 177 1599 in
194 1534 304 1618 Pyrrhi
327 1535 401 1611 vita,
426 1542 485 1599 29:
508 1534 528 1621 ἡ
552 1521 582 1596 d'
609 1531 720 1621 ἀγαθὴ
736 1532 813 1621 τύχη
835 1544 893 1620 της
908 1533 1033 1611 πόλεως
1056 1528 1121 1599 εἴτε
1142 1535 1263 1620 πεῖραν

143 1641 259 1729 ἀρετῆς
281 1638 491 1723 λαμβάνουσα
513 1652 579 1704 τῶν
600 1639 739 1725 ἀνδρῶν,
768 1627 840 1705 οἴθ>
865 1636 996 1727 ἑαυτῆς,
1020 1638 1097 1728 ὅσην
1119 1638 1152 1706 ἐν
1174 1638 1262 1705 ἀπύ-

143 1771 214 1837 ροις
236 1744 299 1828 ἔχει
322 1745 466 1829 δύναμιν,
491 1744 661 1825 ἀπόδειξιν
683 1746 828 1812 διδοῦσα.
873 1745 911 1810 dc
935 1748 1023 1811 Rom.
1048 1745 1117 1811 fort.
1144 1756 1201 1812 12:
1224 1745 1262 1812 ού

142 1855 206 1943 μὴν
228 1851 389 1941 ἠπόρησεν
423 1854 442 1941 η
465 1863 523 1939 της
545 1841 667 1940 Ῥώμης
689 1852 766 1940 τύχη
790 1864 906 1940 φωνῆς.
945 1852 1029 1933 Quae
1049 1853 1139 1936 tycho
1155 1852 1260 1919 eudem

143 1962 192 2026 est
206 1962 299 2041 atque
314 1959 424 2041 genius
443 1958 547 2041 populi
570 1957 701 2024 Romani
720 1959 769 2023 vel
786 1960 895 2041 genius
917 1958 1068 2041 publicus,
1091 1978 1182 2041 quem
1206 1979 1262 2025 nec

144 2065 330 2131 Plutarchus
345 2064 481 2148 iguorct3
505 2065 542 2129 de
558 2067 645 2130 Rom.
662 2066 731 2130 fort.
753 2076 809 2130 11:
832 2060 973 2152 δημοσίᾳ
995 2066 1071 2153 τύχη
1092 2066 1260 2152 χρώμενος.

145 2172 265 2256 Tychae
295 2171 430 2252 privatae
460 2170 620 2253 respondet
650 2171 738 2255 tyche
768 2170 892 2253 publica
921 2171 1062 2236 omnibus
1090 2171 1263 2237 communis

144 2298 307 2362 omnesque
337 2278 493 2343 adiuvans.
540 2276 597 2343 Sed
627 2277 771 2360 gentibus
799 2295 917 2360 quoque
947 2296 1002 2342 sua
1032 2279 1121 2362 tycho
1152 2277 1200 2343 vel
1230 2281 1263 2343 et

144 2386 315 2467 complures
343 2384 436 2465 τύχαι
467 2387 547 2448 sunt.
594 2384 745 2460 Phocion,
776 2395 811 2449 1:
841 2380 875 2448 ci
905 2383 999 2465 τύχαι
1022 2395 1079 2471 της
1098 2373 1261 2462 Ἑλλάδος.

143 2491 283 2575 Singulis
311 2509 427 2575 quoque
456 2491 616 2555 hominurn
647 2489 805 2555 ordinibus
833 2490 1055 2573 generibusque
1088 2508 1143 2555 suc
1172 2492 1263 2575 tyehe

144 2602 202 2664 est.
253 2597 290 2663 (le
319 2597 407 2662 Alex.
431 2597 502 2661 fort.
528 2598 559 2673 1,
584 2607 641 2662 11:
671 2597 829 2682 καθάπερ
861 2598 935 2662 τινὰ
966 2597 1062 2685 τύχης
1090 2597 1264 2685 βασιλικῆς

143 2701 273 2787 νέμεσιν
293 2702 536 2789 συγκαλύπτων.
582 2702 676 2786 Saepe
698 2703 759 2768 loci
782 2704 913 2769 alicuius
939 2704 989 2768 vel
1016 2704 1093 2768 certi
1116 2705 1264 2786 temporis

143 2812 177 2877 et
201 2809 264 2874 diei
285 2811 375 2894 tycho
399 2810 486 2875 nobis
508 2810 642 2875 offertur.
689 2809 821 2885 Marius,
845 2819 902 2877 26:
925 2806 1040 2889 εὔξατο
1063 2808 1101 2876 δὲ
1122 2810 1264 2891 Κάτλος,

142 2971 360 2983 .----.

147 3076 335 3141 1884-1890,
354 3077 402 3129 sub
420 3075 545 3129 vocabulo
564 3075 709 3144 „genius“.
737 3075 777 3131 Cf.
794 3075 824 3130 L
838 3076 987 3143 Preller,
1005 3076 1142 3130 Rbmische
1160 3077 1265 3146 Mytho·

146 3165 223 3234 logie,
242 3181 268 3235 p.
287 3164 341 3218 566
348 3181 404 3234 sqq.

221 3253 249 3319 l)
266 3252 305 3308 Cf.
323 3252 406 3307 Birt
425 3253 443 3306 l.
462 3269 498 3306 c:
524 3295 539 3321 ‚,
547 3250 643 3307 Geniis
662 3253 722 3307 sind
745 3253 788 3306 die
806 3252 1022 3321 Personelgeuicn
1041 3252 1082 3306 die
1104 3253 1200 3306 tlteste
1218 3252 1264 3306 Er·

147 3342 292 3411 scheinung
310 3341 356 3396 des
375 3340 601 3411 Genienglaubens
619 3358 751 3411 genesen,
777 3342 887 3397 welches
910 3345 966 3395 eret
988 3342 1039 3395 mit
1062 3340 1109 3395 der
1126 3341 1184 3395 Zcit
1202 3342 1265 3397 viel·

147 3431 238 3500 sdltige
255 3430 438 3500 Erweiterung
455 3431 569 3486 erlnhr.“

102 3514 106 3521 ’
219 3521 247 3585 2)
265 3519 303 3575 cf.
321 3519 439 3574 Birtl
459 3537 496 3576 c:
515 3520 574 3587 „Es
595 3521 633 3574 ist
655 3520 779 3589 hbrigens
801 3523 866 3589 gut,
893 3519 950 3573 sich
972 3518 1030 3573 hier
1051 3518 1097 3573 der
1118 3519 1265 3574 Dtrnonen·

149 3607 221 3662 lehre
239 3609 286 3663 des
308 3609 423 3679 jiingem
447 3609 624 3663 Platonismus
649 3610 691 3664 bei
714 3608 842 3663 Plutarch
866 3608 921 3663 und
938 3607 1065 3678 Apulejus
1084 3626 1116 3662 zu
1133 3609 1266 3677 erinnem,

149 3713 224 3751 wenn
241 3715 269 3751 ss
287 3698 369 3752 schon
387 3700 493 3767 gewagt
511 3699 621 3765 scheint‚
639 3698 714 3753 einen
733 3698 853 3752 direktcn
872 3696 1160 3767 Sschzusummeuhang
1177 3716 1209 3751 zu
1222 3699 1264 3752 be·

147 3785 272 3857 haupten.
308 3786 375 3841 Dass
394 3787 436 3841 die
453 3788 633 3856 griechischen
650 3788 787 3842 Dbmonen
804 3786 854 3840 den
873 3784 972 3842 Genien
994 3786 1182 3856 gleichgesetzt
1202 3804 1265 3840 wur-

147 3875 213 3944 den,
236 3876 274 3930 iet
295 3877 420 3931 bekannt.
457 3877 585 3931 Plutarch
609 3877 652 3941 (de
676 3877 780 3931 defectu
798 3876 975 3943 oraculorum,
992 3893 1019 3947 p.
1037 3877 1102 3942 421)
1118 3875 1203 3942 lehrt‚
1223 3874 1266 3929 die

147 3963 245 4021 Gdtter
263 3965 347 4020 selbst
365 3966 481 4020 kdnnten
505 3966 674 4035 Erregungen
699 3966 754 4020 und
779 3965 992 4020 leidenschoften
1017 3965 1091 4019 nicht
1115 3966 1267 4032 cusgesetzt

147 4054 219 4114 sein:
238 4071 311 4109 wenn
329 4071 390 4109 men
409 4058 487 4124 sagt,
505 4055 548 4109 ein
567 4053 633 4110 Gott
650 4056 728 4110 hesse
747 4056 810 4110 oder
826 4055 906 4123 liobe,
930 4072 959 4109 so
977 4055 1015 4108 sei
1033 4053 1088 4106 dies
1105 4052 1188 4106 dolsch
1206 4068 1265 4107 nus

145 4143 291 4213 gedrdclrt3
309 4160 362 4197 nur
380 4144 436 4198 sein
449 4144 552 4199 Dtmon
565 4144 632 4199 habe
646 4144 716 4199 disse
729 4143 911 4201 Affehtionen:
930 4144 998 4197 deun
1011 4143 1096 4212 jedem
1111 4140 1179 4197 Gobt
1189 4142 1266 4211 eigne

146 4231 190 4286 ein
208 4231 324 4299 Dbmon3
343 4231 471 4303 Apulejus
489 4233 559 4301 uber,
578 4233 625 4287 der
643 4233 675 4287 de
693 4233 741 4288 deo
759 4232 875 4287 Socrath
894 4231 1012 4287 dosselbe
1030 4230 1165 4298 susfiihrt,
1182 4231 1268 4285 meiut

145 4323 162 4392 ς
184 4322 244 4389 151,
263 4321 319 4375 dies
337 4322 491 4392 entspreche
508 4322 559 4377 den
577 4321 722 4377 rdmischen
740 4319 865 4376 Genien.“
