3084 4834
273 462 351 526 trins
379 458 544 523 Phalereus
561 456 584 537 1)
614 452 755 517 libellum
786 452 838 535 qui
868 453 965 518 fertur
991 453 1069 541 περὶ
1096 457 1192 545 veyne
1205 461 1231 541 ²)
1259 460 1401 543 scripsit,

272 586 332 650 quo
361 586 426 630 eam
457 563 582 629 dablam
613 563 644 624 et
674 559 822 623 incertam
851 561 941 643 atquc
964 560 1184 644 inexspectatus
1207 569 1402 633 mutationes

273 673 474 740 adducentem
498 669 584 734 dcam
601 664 749 747 depinxit.
781 665 879 730 Facili
895 685 985 748 opera
1008 686 1042 732 ex
1066 688 1120 733 suo
1135 670 1233 751 ipsius
1256 674 1397 755 tempore

272 780 432 863 perspicua
462 776 567 861 tyohes
597 771 767 855 plurimum
797 771 928 837 valentis
960 773 1139 840 documenta
1174 779 1332 843 arcessivit
1363 783 1398 845 et

272 886 478 959 enumeravit,
502 901 572 946 oum
595 879 737 962 ingentes
763 877 959 943 Macedoniae
982 882 1014 943 et
1041 881 1164 946 Persiae
1186 883 1397 950 revolutiones

272 994 309 1058 sb
333 1013 368 1057 ea
390 990 561 1074 procreatas
587 1004 650 1050 esse
677 987 823 1049 censeret.
869 986 899 1048 A
923 985 1038 1051 Doride
1061 986 1164 1052 Samio
1186 991 1307 1071 saepius
1329 990 1395 1056 for·

272 1102 348 1163 tuna
378 1097 518 1170 effertur,
548 1092 598 1156 cni
625 1089 748 1174 quidem
780 1089 902 1155 divinae
931 1091 1139 1173 providentiae
1165 1095 1306 1160 ministra
1329 1116 1397 1162 esse

272 1204 338 1268 visa
373 1204 419 1266 est
448 1199 584 1283 (Diodor.
611 1198 679 1262 XX.
713 1206 763 1263 13.
797 1199 867 1279 70);
898 1200 950 1261 sed
985 1199 1191 1283 Hieronymus
1216 1201 1396 1280 Cardianus,

274 1326 457 1390 quamquam
486 1305 556 1370 deos
582 1303 712 1369 minime
739 1303 892 1385 neglexit,
920 1308 1023 1369 tamen
1051 1325 1120 1370 oum
1145 1326 1195 1371 cos
1217 1308 1398 1374 bominibus

274 1412 398 1479 omnino
428 1431 488 1476 non
518 1411 674 1477 consulere
702 1427 738 1474 ac
766 1409 924 1491 providere
951 1411 1084 1489 videret,
1117 1412 1269 1478 fortunam
1297 1415 1395 1480 solam

273 1539 375 1584 rerum
400 1517 582 1582 effectricem
607 1514 761 1599 praedicat
784 1516 919 1597 (Diodor.
944 1518 1059 1583 XVIII.
1086 1527 1138 1584 25.
1164 1524 1229 1603 59).

341 1625 460 1689 Victrix
475 1626 578 1689 autem
599 1624 630 1687 in
650 1621 810 1686 historicas
825 1621 1009 1688 Graecorum
1028 1625 1149 1690 litteras
1162 1626 1337 1692 introducta
1348 1630 1397 1693 est

273 1733 364 1816 tycho
395 1750 413 1796 a
437 1730 565 1814 Polybio
579 1730 621 1811 θ),
651 1727 703 1810 qui
722 1747 915 1811 vquamquam
940 1729 1096 1813 vulgatam
1119 1730 1303 1797 Graecorum
1327 1732 1395 1814 opi·

274 1839 408 1913 aionem,
432 1855 492 1920 qua
514 1835 763 1900 imbecillitatem
786 1854 872 1899 suam
896 1836 1036 1901 fortunae
1059 1839 1204 1903 Romanis
1226 1838 1397 1920 opitulatae

274 1944 467 2010 excusatione
484 1940 696 2018 defendebant,
719 1942 915 2007 vehementer
930 1943 1101 2026 impugnat,
1124 1947 1229 2010 mmea
1246 1947 1394 2010 malorem

274 2049 427 2132 quandam
443 2049 475 2112 in
491 2048 582 2112 rebus
597 2049 781 2129 potestatem
797 2048 936 2130 agnoscit
951 2050 1117 2114 constituta
1132 2050 1200 2133 lege
1216 2069 1251 2115 ao
1266 2052 1395 2116 consilio

275 2156 377 2221 omnia
399 2156 577 2237 regnantem
600 2155 632 2218 et
653 2153 691 2217 ad
716 2152 903 2218 destinatum
927 2153 1029 2230 finem,
1052 2157 1137 2242 πρὸς
1153 2157 1290 2244 τὴντῶν
1312 2157 1396 2221 ὅλων

275 2259 478 2346 πραγμάτων
495 2257 685 2338 συντέλειαν,
704 2259 914 2324 adducentem.
946 2260 1030 2340 Quae
1048 2260 1212 2328 συντέλεια
1231 2264 1260 2326 ei
1283 2281 1394 2346 magua

276 2368 414 2432 omnium
438 2366 599 2431 civitatum
624 2366 808 2430 consociatio
831 2385 895 2431 esse
917 2366 1055 2445 videtur,
1086 2369 1117 2432 in
1142 2388 1201 2452 qua
1223 2369 1332 2435 Graeci
1355 2369 1393 2434 ad

275 2473 389 2538 artium
421 2490 456 2537 ac
486 2472 659 2536 litterarum
689 2472 897 2555 principatum
920 2474 1121 2539 obtinendum
1150 2476 1217 2540 nati
1240 2476 1394 2557 praeclara

274 2578 417 2663 perficere
452 2582 583 2661 possent.
637 2580 685 2644 Ita
720 2578 867 2662 Polybius
900 2578 987 2644 illam
1023 2582 1207 2663 praeclaram
1243 2581 1393 2664 Scipionis

277 2685 494 2768 cogitationem
530 2686 562 2747 et
596 2685 825 2766 conceptionem
860 2686 892 2749 in
928 2686 1088 2755 historiam
1127 2688 1322 2753 introducens
1358 2707 1393 2753 aa

277 2790 440 2856 defendens
464 2790 551 2868 dicit,
573 2791 615 2856 ΙΙ.
640 2799 697 2856 42:
721 2790 895 2857 κάλλιστον
918 2791 974 2857 καὶ
998 2792 1254 2881 ὠφελιμώτατον
1275 2792 1391 2881 ἐπιτή-

275 2897 377 2980 δευμα
399 2908 457 2983 τῆς
480 2894 590 2983 τύχης·
614 2897 724 2962 πολλὰ
747 2898 808 2983 γὰρ
824 2899 905 2986 αὕτη
927 2910 1162 2965 καινοποιοῦσα
1179 2900 1235 2966 καὶ
1258 2914 1393 2983 συνεχῶς

275 2999 529 3089 ἐναγωνιζομένη
538 3005 609 3079 τοῖς
620 3015 686 3068 τῶν
697 3001 885 3090 ἀνθρώπων
896 3001 984 3089 βίοις
998 3004 1128 3072 οὐδέπω
1139 2997 1260 3074 τοιόνδ’
1278 3007 1392 3085 ἁπλῶς

276 3097 347 3175 οὔτ’
379 3104 553 3193 εἰργάσατο
583 3103 674 3195 ἔργον
705 3098 777 3174 οὔτ’
809 3108 989 3198 ἠγωνίσατο
1018 3112 1195 3197 ἀγώνισμα.
1242 3116 1291 3179 Ad
1319 3134 1392 3197 opus

276 3234 366 3280 suum
397 3213 628 3297 perpoliendum
650 3217 741 3299 atque
762 3217 980 3298 perficiendum
1009 3219 1073 3300 ipse
1095 3220 1235 3286 fortunae
1264 3217 1391 3305 indiget,

277 3322 332 3387 111.
359 3329 395 3388 σε
424 3321 560 3409 noegeo
582 3320 618 3387 δὲ
644 3323 687 3386 τὰ
713 3334 771 3411 τῆς
794 3323 897 3411 τύχης.
944 3326 1077 3391 Eatenus
1100 3326 1181 3392 iusta
1211 3326 1266 3392 dea
1289 3329 1392 3392 estut

276 3446 336 3493 non
364 3427 463 3493 solum
495 3446 586 3493 suum
616 3428 726 3511 cuique
752 3429 870 3496 tribuat
898 3433 930 3496 ct
958 3432 1087 3497 iniurias
1112 3433 1268 3499 innocenti
1291 3434 1392 3499 illatas

351 3728 379 3795 1)
396 3726 435 3783 cf.
453 3726 484 3783 F.
501 3727 686 3798 Ronaiger,
711 3730 761 3784 Die
784 3731 942 3802 Bedentung
965 3733 1012 3787 der
1036 3734 1121 3803 Tycha
1144 3735 1186 3789 bei
1204 3735 1255 3791 den
1273 3739 1391 3806 spiteren

278 3816 459 3887 grinchischen
477 3815 660 3885 Historilxem‚
678 3820 838 3874 namentlicb
861 3821 902 3875 boi
920 3822 1070 3876 Demetrius
1088 3840 1136 3877 von
1155 3824 1293 3878 Phaleron.
1329 3823 1390 3879 Con·

279 3910 354 3961 utana
373 3907 452 3961 1880.

328 4013 376 4079 ,2)
394 4029 418 4066 v.
437 4011 530 4081 fragm.
548 4011 612 4066 hist.
631 4010 721 4068 Graec.
739 4013 776 4082 11,
794 4015 856 4071 368.

348 4118 378 4184 3)
401 4116 440 4174 cf.
464 4117 494 4173 F.
520 4117 624 4187 Baur,
650 4118 690 4172 De
713 4119 790 4188 tycho
814 4121 842 4175 in
866 4122 1029 4192 pragmatica
1049 4123 1151 4192 Polybii
1173 4124 1285 4179 historia
1307 4125 1389 4196 dispo·

276 4206 352 4274 tatio,
371 4207 510 4277 Tlibingen
528 4208 606 4265 1861.
634 4208 879 4279 Markhauser‚
897 4211 951 4266 Der
970 4209 1244 4267 Geeehichtschreiber
1261 4214 1388 4282 Polybius,

276 4295 408 4352 Mlincben
426 4298 504 4353 1858.
