3084 4834
262 474 389 562 φθόρον
418 472 474 539 καὶ
502 471 646 540 κίνδυνον
675 474 743 556 ἅμα
773 462 846 555 μετ’
874 469 1024 560 αἰσχύνης
1047 470 1149 560 ἐφάνη
1177 475 1289 557 καιρὸς
1318 469 1380 539 ἐπὶ

263 584 321 670 τὴν
344 581 456 661 πόλιν,
480 576 545 646 εἴτε
568 591 625 667 τῆς
647 580 741 666 τύχης
765 580 848 644 ούτιυ
871 579 1100 666 συνελθούσης,
1124 574 1189 645 εἴτε
1211 579 1269 644 καὶ
1292 586 1383 645 θεῶν

263 712 349 766 τινος
379 684 471 773 ἔργον
499 685 569 752 ἐστὶ
598 686 642 773 μὴ
672 686 875 773 παραμελεῖν
909 684 1022 773 ἀρετῆς
1057 684 1328 773 ἀχαριστουμένης
1343 690 1379 770 ¹).

263 795 329 876 Quo
358 796 423 860 loco
452 810 634 877 quamquam
664 790 718 855 deo
747 792 842 856 alicui
872 792 1009 874 opposita
1038 795 1085 855 est
1107 791 1245 869 fortuna,
1274 795 1381 857 temen

263 902 382 968 easdem
423 920 527 965 causas
562 901 745 981 eventusque
781 898 889 981 dirigit
922 902 954 962 et
988 898 1054 963 eius
1086 902 1220 980 potestas
1256 903 1381 964 tantum

265 1009 347 1074 valet
383 1010 532 1090 quantum
571 1005 625 1070 dii.
655 1004 779 1087 'Saepe
819 1004 927 1069 ulcisci
968 1009 1065 1069 cessat
1102 1006 1294 1088 mereturque
1331 1009 1380 1069 at—

264 1134 321 1198 que
353 1114 385 1177 in
413 1114 562 1195 posterius
588 1115 709 1193 tempus
736 1111 846 1175 differt.
892 1110 1046 1175 Aemilius
1072 1110 1203 1186 Paulus,
1235 1121 1292 1175 aa:
1322 1113 1385 1198 τὴν

267 1230 324 1286 τοῦ
368 1218 629 1306 κατορθώματος
673 1216 799 1300 νέμεσιν
842 1213 889 1294 εἰς
932 1214 1039 1304 ἕτερον
1084 1218 1103 1302 ἦ
1146 1217 1222 1304 τύχη
1267 1219 1385 1303 καιρδν

266 1322 539 1412 ὑπερβαλλομένη.
585 1323 679 1407 Saepe
710 1342 801 1406 quam
831 1324 954 1388 obscure
984 1329 1016 1388 et
1043 1323 1300 1406 inexplicabiliter
1327 1326 1381 1389 do·

267 1434 402 1498 minetur
424 1432 529 1515 typhe,
552 1433 748 1495 memoratur.
796 1430 918 1506 Nicias,
946 1440 1002 1494 11:
1031 1429 1163 1516 ύκριτον
1190 1419 1221 1495 δ’
1254 1432 1273 1517 η
1304 1432 1385 1517 τύχη

267 1549 404 1625 πρᾶγμα
434 1537 490 1602 καὶ
526 1528 672 1625 ἄληπτον
700 1537 855 1622 λοχισμηῖ.
915 1536 1009 1601 Nulla
1042 1537 1200 1602 hominum
1235 1538 1386 1621 cogitatio

267 1664 408 1711 arcanam
439 1645 579 1710 fortunae
608 1647 749 1708 naturam
779 1643 942 1724 complecti
976 1646 1030 1707 eut
1063 1643 1241 1726 intellegere
1274 1647 1384 1727 potest.

268 1754 396 1817 Praeter
419 1750 491 1815 deos
514 1749 696 1814 Plutarchus
719 1750 829 1833 tychen
845 1768 973 1832 quoque,
997 1769 1034 1814 ne
1057 1750 1196 1814 homines
1217 1752 1388 1833 gentesque

269 1858 301 1923 in
332 1858 424 1922 rebus
453 1856 594 1921 secundis
627 1854 721 1920 altius
756 1858 989 1937 promoveantur
1022 1874 1098 1920 neve
1128 1856 1317 1938 superbiores
1352 1875 1385 1920 se

268 1964 447 2049 praebeant,
478 1965 708 2044 praecaventem
740 1962 824 2026 facit.
878 1961 1000 2040 Nicias,
1034 1973 1090 2027 17:
1124 1961 1203 2047 πρὶν
1232 1960 1269 2028 ἐκ
1297 1968 1390 2028 θεῶν

268 2069 369 2148 δντως
392 2071 412 2159 ἢ
434 2070 528 2157 τύχης
551 2064 738 2133 ἀντίστασίν
760 2093 834 2135 τινα
854 2066 1003 2153 γενέσθαι
1028 2071 1098 2139 τοῖς
1110 2056 1304 2156 Ἀθηναίοις
1327 2068 1385 2134 ἐπὶ

271 2179 424 2244 πλεῖστον
447 2172 631 2264 αἰρομένοις
653 2174 826 2258 δυνάμεως.
872 2174 983 2240 Stabili
1006 2194 1041 2239 ac
1063 2174 1151 2238 firma
1173 2177 1290 2240 ratione
1313 2195 1388 2240 uon·

270 2285 398 2367 siliuque
422 2302 475 2347 usn
490 2283 579 2365 tyche
595 2282 785 2365 singularum
801 2282 942 2365 gentium
965 2301 1013 2346 res
1027 2282 1118 2363 regit.
1159 2283 1389 2358 Demosthenes,

274 2399 332 2456 19:
355 2389 432 2477 τύχη
456 2386 493 2453 δέ
515 2412 565 2465 τις
588 2383 673 2453 ἔοικε
688 2386 857 2470 δαιμόνιος
879 2385 912 2451 ἐν
935 2388 1099 2474 περιφορᾷ
1122 2388 1325 2474 πραγμάτων
1340 2383 1391 2464 εἷς

271 2495 374 2563 ἐκεῖνο
407 2504 522 2581 καιροῦ
555 2489 818 2581 συμπεραίνουσα
846 2495 903 2581 τὴν
932 2490 1121 2581 ἐλευθερίαν
1146 2506 1203 2581 της
1234 2483 1391 2571 Ἑλλάδος

272 2601 500 2668 ἐναντιοῦσθαι
517 2603 586 2678 τοῖς
602 2599 850 2687 πραττομένοις.
888 2601 1050 2666 Daemonis
1065 2600 1221 2665 cuiusdam
1237 2601 1391 2677 voruntas,

273 2709 435 2793 quominus
473 2705 583 2773 Graeci
617 2707 796 2789 Philippum
830 2706 1047 2789 impugnantes
1087 2707 1262 2771 libertatem
1301 2727 1387 2771 suam

273 2820 409 2893 servent,
440 2814 581 2899 prohibet
594 2815 628 2896 2).
683 2814 834 2879 Omnibus
863 2813 953 2892 locis,
990 2815 1045 2878 ubi
1075 2814 1154 2896 apud
1186 2813 1390 2878 Plutarchum

273 2924 367 3011 τύχην
394 2921 562 3003 δαιμόνιον
592 2922 775 3004 reperimus,
806 2940 841 2985 ea
867 2920 971 2985 divina
1000 2921 1147 3004 quaedam
1177 2919 1223 2985 vis
1251 2918 1394 2984 habenda

275 3033 330 3096 est.
371 3028 465 3110 Saepe
488 3028 554 3110 ipsa
571 3028 659 3111 tycho
675 3028 803 3093 daemon
826 3028 871 3092 fit.
909 3026 968 3092 Sed
991 3028 1024 3091 in
1040 3026 1263 3109 comparatione
1278 3025 1391 3090 Thesei

276 3139 308 3201 et
330 3134 466 3209 Romuli,
492 3143 528 3201 3:
560 3130 590 3200 εἰ
613 3134 648 3201 δὲ
671 3135 721 3200 δεῖ
755 3134 812 3200 καὶ
846 3136 889 3199 τὰ
923 3131 1159 3221 δυςτυχηθέντα
1192 3133 1237 3220 μὴ
1260 3131 1392 3197 παντά-

278 3264 364 3307 πασι
380 3244 557 3308 ποιεῖσθαι
573 3238 736 3325 δαίμονος,
759 3230 835 3306 ἀλλ’
860 3240 982 3329 ἠθικὰς
1004 3239 1062 3305 καὶ
1077 3242 1271 3327 παθητικὰς
1286 3239 1397 3326 ζητεῖν

352 3437 377 3501 1)
396 3434 461 3491 Cum
479 3436 639 3490 Plutarchus
656 3436 682 3489 in
703 3434 807 3491 Camilli
831 3439 861 3489 et
877 3435 972 3504 Pyrrhi
994 3434 1057 3489 vitis
1080 3451 1110 3488 ex
1133 3433 1251 3502 Dionysii
1274 3433 1395 3486 Halicar-

278 3524 411 3578 nasseusis
429 3523 505 3578 libris
523 3541 566 3578 eos
585 3542 701 3595 quoque,
726 3524 772 3595 qui
797 3525 871 3578 nobis
895 3524 1001 3578 minime
1025 3523 1118 3577 traditi
1141 3527 1218 3588 sunt,
1236 3524 1398 3591 excerperet,

279 3612 355 3666 facile
373 3613 471 3666 factum
489 3629 545 3666 esse
563 3617 667 3683 potest,
692 3617 724 3667 ut
748 3613 890 3682 Dionysius
914 3629 1016 3683 qnoque
1034 3612 1133 3682 aliquid
1151 3611 1264 3665 valuerit
1281 3611 1315 3664 ad
1332 3610 1398 3664 Plu-

279 3700 366 3756 tarchi
385 3701 494 3769 tyehen;
513 3717 580 3770 quae
593 3702 752 3756 Plutarchus
769 3703 808 3769 (in
826 3703 882 3756 vita
896 3701 1025 3757 Comohln
1043 3704 1071 3754 et
1087 3701 1116 3754 in
1134 3701 1250 3755 oratioue
1267 3699 1301 3753 de
1317 3699 1397 3753 Rom,

277 3790 338 3844 fort.
356 3790 385 3855 bl
410 3788 442 3841 de
460 3787 595 3843 Coriolano
622 3794 728 3856 namet,
751 3807 765 3844 e
788 3791 907 3860 Dionysii
931 3790 1138 3860 antiquitatibus
1157 3788 1282 3858 sumpsit3
1308 3788 1340 3842 cf,
1359 3787 1397 3842 H.

278 3880 393 3945 Peter,
411 3877 461 3931 Die
480 3876 589 3943 Quellen
606 3877 762 3946 Plutarcho,
780 3879 860 3933 Halle
879 3879 962 3946 1865,
981 3897 1007 3949 p.
1028 3879 1089 3948 leq.
1126 3877 1180 3931 Th.
1199 3877 1398 3944 Mommsen,

278 3968 328 4021 Die
353 3966 506 4035 Eraihlung
528 3983 577 4022 von
602 3965 649 4021 Cn.
673 3967 788 4022 Marcius
812 3967 971 4023 Coriolanus.
1003 3967 1114 4022 Hamas
1131 3967 1224 4034 (1870)
1240 3966 1294 4033 IV,
1314 3966 1397 4037 lsqq.

279 4056 416 4111 Rbmische
435 4054 618 4124 Forschungen
638 4054 673 4123 11,
693 4058 811 4127 llsssqq.

351 4146 379 4211 2)
397 4144 436 4201 Cl.
455 4145 555 4213 Pohl‚
572 4145 758 4215 Dimonologie
783 4146 829 4199 des
851 4145 984 4200 Plutarch.
1020 4145 1053 4200 R.
1079 4142 1338 4210 Schmertosch‚
1356 4142 1399 4196 De

280 4235 418 4292 Plutarchi
436 4234 641 4301 sententiarum,
666 4251 732 4304 quae
756 4234 790 4287 acl
815 4234 999 4290 divmationem
1023 4236 1161 4304 spectant,
1180 4232 1288 4301 origiue.
1324 4231 1397 4285 Dias.

280 4327 369 4394 inaug.
405 4324 510 4395 Leipzig
528 4324 606 4379 1889.
