3084 4834
271 425 438 491 maximam
469 445 532 490 esse
562 425 679 491 iudicat
709 425 856 492 historiae
884 424 1116 490 conscribendae
1139 426 1326 503 utilitatem,
1355 429 1392 493 ut

270 532 384 598 enbitis
422 532 646 598 mutationibus
679 551 697 595 a
732 532 855 598 fortuna
888 532 1053 615 procreatis
1089 536 1235 615 perpetuo
1265 533 1392 615 prolatis

272 639 412 704 homines
436 639 472 703 de
496 638 637 720 superbia
667 657 703 703 ac
726 638 891 703 insolentia
913 641 1119 715 commoneat,
1150 637 1231 721 quod
1260 639 1293 702 in
1315 638 1392 716 loco,

270 746 326 828 qui
345 745 382 809 ad
399 746 553 826 Ephorum
569 744 758 808 reducendus
780 747 836 820 est,
860 744 905 808 ita
928 744 1087 825 expromit,
1111 744 1179 809 XV.
1197 752 1257 811 33:
1280 743 1392 833 ἀγαθή

272 851 333 936 γὰρ
364 850 483 939 ήτύχη
514 851 588 926 τοδς
616 846 699 934 μέγα
731 859 928 937 φρονοῦντας
958 848 1154 936 παραδόξως
1182 850 1307 938 σφήλαι
1334 851 1393 917 καὶ

273 955 407 1035 διδάξαι
429 953 530 1044 μηδὲν
552 955 635 1040 άγαν
657 953 873 1034 κατελπίζειν.
904 955 992 1020 ΤεΙίκ
1005 959 1167 1038 praecepta
1186 960 1222 1022 ut
1237 958 1275 1023 ad
1291 958 1394 1024 oeulos

271 1062 460 1128 demonstret
477 1061 607 1126 Diodoro
623 1062 741 1143 saepius
762 1061 872 1143 placet.
904 1062 1069 1125 Fortunam
1092 1062 1267 1145 graviorum
1290 1067 1393 1130 muta·

274 1170 394 1235 tionum
418 1185 540 1233 causam
563 1166 718 1250 praedIcat
741 1167 773 1231 in
796 1168 861 1232 loeo
884 1167 1044 1232 Timaeum
1073 1171 1227 1234 auctorem
1250 1170 1392 1237 habente.

272 1277 358 1347 XIV.
389 1285 407 1343 7
412 1285 448 1342 6:
479 1275 562 1340 ούτω
591 1272 651 1356 μέν
680 1270 734 1339 οὖν
763 1276 834 1351 τοῖς
865 1270 1098 1361 Καρχηδονίοις
1128 1276 1147 1362 ή
1176 1276 1253 1363 τύχη
1282 1275 1394 1357 τάχιον

273 1383 331 1469 τήν
353 1380 535 1467 μεταβολήν
557 1376 708 1468 ἐποίησε,
732 1378 790 1444 καὶ
812 1390 916 1444 πᾶσιν
938 1379 1131 1467 ἀνθρώποις
1153 1376 1270 1460 ἔδειξεν
1293 1382 1337 1459 ὡς
1360 1377 1393 1448 οἳ

273 1487 384 1572 μεῖζον
414 1497 473 1553 τοῦ
494 1489 698 1574 καθήκοντος
721 1481 931 1572 ἐπαιρόμενοι
959 1483 1082 1567 ταχέως
1108 1484 1306 1571 ίξελέγχουσι
1335 1489 1394 1575 τήν

274 1591 363 1660 ἰδίαν
398 1591 578 1659 ἀσθένειαν.
631 1591 817 1674 Saepissime
846 1595 950 1656 autem
980 1592 1119 1657 fortunae
1148 1594 1393 1658 mutabilitatem

273 1700 309 1765 in
339 1701 379 1764 iis
408 1700 615 1764 Bibliotheces
644 1699 782 1780 partibus
810 1700 1029 1764 commemorat
1063 1699 1229 1776 Diodorus,
1263 1719 1392 1782 quarum

274 1807 449 1872 Clitarchus
471 1808 576 1871 auctor
606 1804 762 1869 habendus
792 1808 847 1869 est.
900 1805 999 1869 XVII.
1025 1814 1084 1871 36:
1114 1801 1145 1871 οί
1169 1803 1205 1870 δέ
1228 1803 1394 1870 ἐπιεικέσ-

275 1935 371 1978 τατοι
404 1924 470 1976 τῶν
499 1910 699 1976 Μακεδόνων
734 1913 792 1998 τήν
820 1910 1001 1997 μεταβολήν
1035 1921 1093 1997 τής
1128 1910 1223 2001 τύχης
1257 1912 1396 1998 ὁρῶντες

273 2020 467 2101 συμπαθεῖς
490 2013 629 2101 ε’γίνοντο
652 2017 721 2082 κτλ.
764 2005 842 2081 Ἐπί
872 2017 933 2103 γάρ
963 2015 1085 2081 τούτων
1107 2017 1127 2104 r)
1149 2019 1312 2107 μεταβολή
1335 2030 1395 2106 της

274 2125 370 2213 τύχης
392 2121 449 2190 καὶ
472 2124 510 2188 τὸ
531 2120 671 2208 μέγεθος
694 2136 758 2188 τῶν
781 2119 983 2188 ἀνελπίστων
1003 2121 1238 2211 ἀκληρημάτων
1260 2121 1293 2189 έν
1315 2120 1394 2208 does

275 2228 419 2314 κείμενον
440 2227 578 2315 εὐλόγως
593 2230 667 2306 τούς
682 2229 826 2316 δρῶντας
846 2226 953 2294 ε’ποίει
969 2228 1171 2312 συμπάσχειν
1185 2232 1255 2307 τοῖς
1277 2228 1394 2317 ήτυχη-

276 2337 360 2403 κόσι.
397 2336 498 2401 XVII.
524 2345 582 2402 66:
605 2333 645 2423 τῇ
667 2335 832 2422 μεταβολῇ
854 2347 911 2423 τῆς
933 2334 1029 2423 τύχης
1049 2334 1228 2422 ἐδάκρυσεν.
1273 2336 1394 2402 Invidia

277 2444 401 2508 deorum
418 2446 488 2508 ante
504 2442 625 2524 propria
641 2442 702 2506 iam
717 2441 857 2507 fortunae
871 2460 989 2524 quoque
1006 2442 1186 2525 Imputatur.
1217 2441 1317 2507 XVII.
1335 2451 1395 2509 46:

274 2551 332 2615 τὸν
359 2547 428 2616 ἀπὸ
457 2560 515 2636 της
543 2548 639 2635 τύχης
666 2547 801 2636 φθόνον.
847 2547 948 2613 XVII.
974 2556 1034 2612 69:
1063 2548 1121 2634 τήν
1147 2546 1185 2613 ἐκ
1214 2560 1271 2636 της
1299 2548 1396 2636 τύχης

278 2654 441 2744 ἐπήρειαν.
480 2655 580 2721 XVII.
600 2663 634 2720 6:
658 2665 804 2720 τοιοῦτον
821 2641 855 2719 δ>
881 2653 983 2740 ἀνδρα
1002 2664 1060 2740 τής
1073 2653 1168 2741 τύχης
1182 2654 1395 2742 παραδούσης

276 2758 458 2829 ἀντίπαλον
479 2761 523 2849 τῇ
550 2751 624 2826 κατ’
647 2750 862 2845 Ἀλέξανδρον
891 2757 1000 2846 ἀρετῇ.
1047 2758 1147 2825 XVII.
1180 2766 1238 2825 20:
1268 2761 1289 2847 ή
1316 2760 1394 2848 τύχη

274 2870 448 2958 συνήγαγεν
476 2863 522 2944 εἰς
552 2864 608 2932 ένα
638 2864 741 2932 τόπον
770 2866 845 2943 τοὺς
873 2863 1024 2952 ἀριστεὺς
1056 2860 1103 2942 εἷς
1131 2865 1189 2952 τήν
1220 2863 1304 2951 ὑπὲρ
1337 2878 1396 2953 της

274 2973 367 3063 νίκης
389 2970 503 3060 κρίσιν.
550 2972 714 3037 Evidenter
743 2974 868 3054 apparet
898 2970 991 3035 dubIa
1018 2971 1123 3054 tyches
1148 2970 1332 3054 significatio
1354 2972 1396 3037 iis

275 3081 361 3159 locis,
378 3080 489 3164 quibus
509 3078 659 3144 Diodorus
677 3077 825 3142 Doridem
841 3078 895 3142 aut
907 3077 1131 3160 Hieronymum
1146 3077 1293 3159 sequitur.
1328 3078 1396 3142 Du·

276 3189 320 3253 ris
337 3187 469 3251 divinam
486 3185 709 3267 providentiam
725 3184 872 3267 agnoscit,
888 3202 965 3266 quae
987 3183 1151 3261 fortunam,
1167 3186 1203 3248 ut
1217 3183 1397 3248 hominibus

276 3295 390 3359 iustam
414 3291 582 3357 mercedem
605 3293 660 3356 aut
675 3309 802 3373 poenam
817 3289 945 3368 tribuat,
968 3289 1114 3371 impellit.
1161 3289 1227 3368 Qua
1242 3289 1397 3354 sentiendi

276 3400 394 3465 ratione
416 3398 567 3463 Diodorus
589 3416 707 3480 quoque
731 3397 840 3462 utitur.
879 3397 948 3462 XX.
974 3404 1032 3462 30:
1056 3396 1076 3483 ή
1098 3394 1175 3483 τύχη
1198 3383 1231 3460 δ’
1257 3393 1396 3474 ἐναλλὰξ

276 3508 319 3572 τά
342 3504 573 3593 προτερήματα
601 3511 672 3582 τοῖς
702 3502 928 3587 ἐλαττώμασιν
958 3501 1177 3586 ἐπεισάγουσα
1199 3502 1273 3579 τοὺς
1295 3502 1397 3589 ὑπερ-

278 3611 410 3695 έχοντας
431 3607 504 3676 ’ίσον
522 3606 721 3675 ἐταπείνωσε
736 3612 806 3687 τοῖς
825 3605 1021 3697 ήττημένοις.
1060 3608 1130 3672 ΧΧ.
1147 3617 1205 3673 70:
1229 3619 1286 3695 τής
1300 3606 1397 3694 τύχης

276 3721 390 3803 ὥσπερ
420 3712 573 3805 ἐπίτηδες
603 3711 864 3803 ἐπιδεικνυμένης
892 3717 950 3804 τήν
978 3710 1067 3780 λ’δίαν
1094 3713 1228 3795 δύναμιν
1250 3711 1309 3778 ἐπὶ
1331 3727 1397 3778 τῶν

279 3821 545 3913 ἀπηλπισμένων.
591 3824 706 3889 XVIII.
733 3833 792 3889 66:
822 3821 964 3888 ἀστάτου
993 3819 1050 3886 καὶ
1079 3831 1186 3905 κοινῆς
1209 3819 1317 3884 δίπασι
1339 3831 1398 3907 τής

278 3932 375 4019 τύχης
398 3928 494 4018 ούσης
516 3927 636 3995 πολλοὶ
659 3927 717 3994 καὶ
739 3942 805 3994 τῶν
827 3929 1012 4016 δημοτικῶν
1040 3922 1098 3991 καὶ
1121 3937 1249 4010 πικρῶς
1272 3924 1397 3990 διακει-

278 4036 382 4122 μένων
395 4037 479 4125 πρὸς
491 4032 588 4101 αὐτὸν
599 4034 791 4123 ἐλοιδόρουν.
815 4036 901 4100 XIX.
921 4044 976 4099 11:
993 4030 1064 4098 οίτε
1075 4032 1112 4097 τὸ
1128 4029 1398 4119 προγεγενημένον

278 4142 408 4228 ἀξίωμα
437 4155 495 4231 τής
523 4139 816 4230 παρανομουμένης
843 4139 1045 4228 ἑκτραπεῖσα
1072 4139 1111 4204 τδ
1133 4136 1297 4225 παράπαν
1325 4134 1398 4203 odae

278 4263 335 4339 τῆς
358 4262 466 4337 κοινής
488 4249 582 4337 τύχης
605 4245 650 4328 εἰς
672 4241 781 4315 οἶκτον
796 4247 950 4314 ἐλθοῦσα.
986 4246 1048 4313 Ubi
1064 4245 1213 4311 Diodorus
1235 4243 1398 4310 materiam
