3084 4834
151 496 305 577 postrema
334 494 567 563 declamationis
594 517 664 581 pars
694 499 808 565 mutila
836 519 872 566 ac
901 502 1010 566 trunca
1043 503 1131 568 nobis
1159 503 1274 570 tradita

151 598 211 677 sit,
243 600 329 666 deest
361 620 434 684 prae
463 603 575 669 coiens
605 604 730 670 virtutis
758 606 871 684 oratio,
906 625 967 689 qua
995 610 1101 674 contra
1128 628 1274 693 magnam

151 705 259 790 tycbes
281 707 498 774 auctoritatem
520 728 553 775 se
577 708 731 790 defendit,
760 730 797 777 ac
824 713 1006 795 praecipue,
1036 717 1185 797 quantum
1208 716 1275 798 ipsa

150 811 286 877 valuerit
307 813 345 878 ad
368 815 484 880 Romae
507 813 753 900 magnitudinem
775 818 980 902 gloriamque,
1002 819 1166 902 praedicat.

221 917 288 998 Qua
310 937 348 985 ex
372 920 585 988 dissertatione
613 922 749 1006 primum
779 926 906 1007 apparet
934 925 1136 992 Plutarchum
1164 944 1275 1012 magne

152 1025 286 1090 Romani
310 1026 433 1110 imperii
456 1027 670 1107 admiratione,
693 1049 786 1114 quam
808 1030 889 1114 apud
911 1029 1076 1117 Polybium
1099 1036 1275 1117 quoquest

152 1130 336 1229 Dionysium
358 1135 537 1216 reperimus,
560 1135 716 1202 imbutum
740 1156 813 1216 esse,
838 1156 908 1202 cum
936 1137 1091 1220 praedicet
1111 1138 1276 1224 laudetque

152 1238 285 1303 Romam
307 1238 482 1305 labantibus
503 1241 639 1322 priorum
662 1244 836 1326 temporum
858 1243 950 1309 rebus
971 1242 1070 1309 linitis
1091 1247 1199 1328 gentes
1221 1263 1276 1310 na·

154 1342 315 1426 tionesque
337 1345 534 1413 vehementer
562 1366 633 1413 cum
655 1367 687 1413 se
711 1348 946 1433 coniungentem
970 1352 1147 1432 perpetuam
1169 1370 1276 1434 pacem

152 1468 317 1533 paravisse.

224 1556 298 1624 Jam
313 1555 462 1640 Polybius
476 1559 684 1642 quaestionem
700 1562 845 1639 tractans,
868 1559 907 1625 ad
921 1561 1094 1626 Romanum
1110 1560 1277 1644 imperium

158 1666 266 1728 utrum
300 1663 424 1730 fortuna
455 1682 495 1729 au
525 1665 623 1731 virtus
655 1666 782 1732 maioris
810 1664 952 1749 ponderis
979 1666 1102 1746 fuisset,
1132 1668 1278 1746 ostendit,

158 1768 291 1835 minime
318 1769 457 1848 fortuna,
487 1770 540 1836 sed
568 1770 650 1837 iusto
677 1790 714 1838 ac
735 1771 904 1838 necessario
932 1772 1038 1838 ordine
1067 1772 1183 1838 lactum
1214 1792 1278 1841 esse

160 1876 216 1957 (II,
239 1877 314 1960 42),
337 1879 373 1942 ut
401 1877 607 1943 Romanorum
632 1878 766 1944 virorum
790 1879 921 1944 virtutes
948 1897 984 1945 ac
1013 1898 1112 1944 mores
1133 1880 1279 1963 gravissi·

160 1982 223 2048 mis
245 1982 436 2066 temporibus
457 1983 538 2049 hanc
559 1985 699 2050 fortunae
722 1984 967 2051 benevolentiam
984 2003 1020 2051 ac
1042 1985 1175 2051 favorem
1191 2004 1279 2068 para·

160 2088 286 2156 sissent
317 2089 417 2170 Quam
436 2090 646 2174 quaestionem
669 2091 835 2176 Dionysius
860 2110 977 2177 quoque
1003 2091 1281 2157 Halicamasseusis

161 2196 261 2262 simili
283 2196 373 2263 modo
402 2199 537 2263 tractans
566 2199 673 2263 eodem
695 2197 789 2264 sicuti
811 2198 959 2282 Polybius
981 2217 1070 2264 sensu
1093 2199 1184 2281 atque
1213 2197 1281 2280 opi·

161 2300 255 2368 niune
292 2303 442 2381 absoluit,
482 2323 553 2370 cum
592 2304 675 2370 dicat
712 2306 885 2371 1111111111
920 2304 1103 2397 imperium,
1141 2301 1281 2368 omnium

161 2408 441 2492 praeclarissimum
470 2428 507 2475 ac
535 2409 757 2489 iustissimum,
791 2428 851 2476 non
880 2429 935 2493 per
968 2411 1123 2476 fortunam
1151 2409 1200 2474 vel
1231 2396 1279 2473 δι’

164 2512 408 2599 αὐτοματισμόν
429 2540 503 2581 τινα
525 2515 583 2582 καὶ
604 2516 700 2605 τύχην
721 2515 835 2582 ἄδικον
857 2516 895 2600 (Ι,
911 2517 956 2600 4),
979 2514 1031 2581 sed
1055 2533 1108 2598 per
1123 2515 1281 2594 virtutem,

163 2620 212 2687 rai
233 2621 382 2704 gerendae
397 2624 506 2700 artem,
529 2622 687 2706 pietatem,
711 2622 951 2689 moderationem
967 2641 1004 2687 er
1018 2619 1208 2687 immutabili
1226 2620 1284 2686 illa

164 2730 293 2793 naturae
306 2728 384 2812 lege,
400 2748 462 2812 qua
476 2730 616 2795 fortiores
631 2748 667 2795 ac
677 2729 820 2794 meliores
830 2747 950 2812 semper
966 2729 1004 2794 dc
1014 2726 1234 2793 infirmioribus
1248 2743 1285 2791 ac

164 2833 321 2918 peioribus
343 2834 547 2919 triumphant,
570 2837 762 2918 procreatum
790 2838 822 2900 ct
844 2836 969 2900 auctum
993 2852 1066 2901 esse.
1111 2833 1138 2910 I,
1163 2841 1197 2900 5:
1220 2830 1283 2920 φύ-

164 2961 248 3018 σεως
271 2941 332 3027 γὰρ
355 2941 394 3029 δὴ
409 2940 505 3024 νόμος
520 2943 629 3007 ἅπασι
644 2939 759 3022 κοινός,
783 2937 819 3007 ὃν
841 2939 945 3018 οὐδεὶς
965 2938 1140 3005 καταλύσει
1161 2937 1282 3025 χρόνος,

161 3045 275 3133 ἄρχειν
304 3045 355 3112 cici
383 3059 448 3112 τῶν
470 3046 609 3133 ἡττόνων
636 3048 711 3125 τοὺς
739 3044 935 3134 κρείττονας.
982 3047 1059 3113 (lum
1082 3044 1192 3111 Graeci
1215 3064 1285 3128 per·

166 3152 257 3220 facile
291 3155 450 3220 crederent
482 3173 514 3219 sc
544 3171 563 3220 1
596 3154 745 3220 Romanis
774 3154 897 3219 fortuna
932 3152 1047 3219 adiutis
1080 3151 1177 3216 victos
1210 3168 1285 3230 esse,

167 3260 372 3325 conhoversia
394 3279 483 3343 saepe
506 3260 639 3343 repetita
659 3260 754 3325 fuisse
777 3259 917 3336 videtur,
940 3258 1072 3325 Romani
1096 3260 1200 3322 utrum
1222 3257 1285 3323 for·

167 3367 260 3432 tunae
282 3385 322 3431 11
344 3365 455 3432 virtuti
481 3367 552 3448 plus
581 3366 720 3431 debeant.
767 3366 968 3448 Perspicuum
997 3367 1044 3430 est
1072 3364 1285 3444 Plutarchum,

169 3471 196 3538 si
226 3473 305 3538 hanc
341 3473 550 3555 quaestionem
585 3472 753 3549 tractabat,
788 3471 914 3538 candem
950 3470 1041 3537 sicuti
1071 3470 1220 3555 Polybius
1255 3472 1287 3536 et

169 3578 335 3664 Dionysius
350 3579 536 3645 sententiam
551 3579 739 3662 expressisse,
752 3598 822 3643 cum
839 3576 979 3661 quamuis
989 3577 1156 3642 acerrimus
1170 3577 1287 3659 patriae

170 3704 241 3751 suae
270 3685 348 3753 civis
373 3687 479 3750 tamen
508 3704 580 3751 sano
608 3685 723 3751 iudicio
750 3685 907 3768 praeditus
929 3684 1068 3766 ignorare
1098 3701 1159 3748 non
1187 3683 1289 3764 posset

169 3789 330 3856 Graeciam
352 3794 561 3857 senescentem
584 3791 648 3857 sola
676 3793 830 3856 crescente
858 3809 894 3856 ac
927 3790 1049 3873 integra
1082 3792 1289 3854 Romanorum

169 3897 284 3963 virtute
313 3916 349 3963 ac
377 3898 483 3963 robore
513 3897 627 3964 rictam
657 3916 731 3963 esse.
783 3898 820 3962 In
849 3915 883 3961 re
916 3895 1076 3962 tractanda
1106 3893 1290 3959 Plutarchus

170 4004 335 4087 Polybium
363 4007 486 4071 secutus
516 4023 581 4070 esse
610 4003 746 4081 videtur,
771 4022 841 4068 cum
864 4003 993 4086 recipiat
1021 4004 1195 4068 Romanum
1227 4000 1288 4063 im-

170 4109 292 4193 perium
314 4114 404 4177 autea
427 4112 569 4176 omuibus
591 4111 681 4176 rebus
703 4110 865 4194 permixtis
888 4112 920 4175 et
939 4107 1160 4174 fluctuantibus
1182 4125 1290 4171 secun·

171 4216 245 4283 dum
268 4217 392 4282 deorum
417 4217 579 4283 consilium
602 4220 639 4282 ut
661 4216 770 4281 mundi
793 4216 895 4281 focum
918 4235 953 4280 ac
974 4215 1075 4280 lorum
1097 4215 1291 4296 procreatum

171 4343 251 4402 esse,
279 4343 392 4390 novum
415 4343 562 4408 regnum,
594 4324 628 4389 in
657 4323 736 4407 quod
766 4322 867 4387 omnis
895 4323 1028 4405 potestas
1057 4338 1092 4385 ac
1114 4318 1291 4384 humanitas
