3084 4834
278 467 442 547 συναύξων
468 465 525 532 καὶ
554 463 813 546 συνεπιθειάζων
843 466 885 530 τὰ
908 463 1118 549 πραττόμενα
1146 475 1205 551 της
1227 465 1320 552 τύχης
1343 462 1402 544 ἒξ-

280 585 390 661 ηπτεν,
415 568 480 639 ε’ίτι
502 571 621 658 κόμπῳ
642 571 804 655 χρώμενος
827 557 896 636 εἴθ’
922 571 1023 648 οὕτως
1045 564 1124 650 ἔχων
1147 566 1190 657 τῇ
1212 567 1289 657 δόξη
1313 571 1402 657 πρὸς

278 680 318 746 τὸ
340 662 442 746 θεῖον.
488 678 546 744 καὶ
575 679 635 764 γὰρ
664 674 697 743 ἐν
724 680 796 756 τοῖς
824 676 1035 764 ὑπομνήμασι
1057 673 1229 764 γέγραφεν,
1259 675 1402 741 ὅτιτῶν

278 785 387 863 καλῶς
417 783 506 872 αύτῷ
535 783 773 868 βεβουλεῦσθαι
802 783 980 849 δοκούντων
1006 777 1043 847 αἶ
1081 783 1126 869 μὴ
1155 784 1240 847 κατὰ
1271 783 1401 871 γνώμην

278 891 362 957 ἀλλὰ
405 892 489 978 πρδς
530 891 643 978 καιρδν
676 888 950 973 ἀποτολμώμεναι
994 887 1132 973 πράξεις
1163 884 1308 954 ἔπιπτον
1348 885 1396 966 εἰς

279 997 417 1081 άμεινον.
462 992 512 1063 ἔτι
541 995 578 1063 δύ
606 994 663 1062 καί
690 984 725 1061 δ’
751 991 795 1061 ὧν
816 1017 899 1085 φησι
928 997 1012 1083 πρὸς
1041 995 1137 1083 τύχην
1158 990 1193 1060 εὖ
1215 993 1400 1082 πεφυκέναι

279 1103 404 1188 μᾶλλον
433 1104 453 1192 ἢ
482 1104 567 1190 πρὸς
596 1102 739 1186 πόλεμον
766 1100 810 1191 τῇ
838 1102 914 1190 τύχη
950 1113 1008 1190 της
1039 1100 1153 1189 άρετης
1182 1099 1285 1167 πλέον
1313 1098 1401 1168 ἔοικε

281 1209 386 1293 νέμειν
407 1208 465 1275 καὶ
496 1208 579 1286 ὅλως
601 1205 714 1275 ἑαυτὸν
736 1219 794 1275 τοῦ
817 1205 971 1291 δαίμονος
993 1212 1116 1287 ποιεῖν,
1148 1203 1183 1285 ὃς
1206 1206 1320 1292 γεκαὶ
1343 1220 1402 1297 τῆς

281 1317 366 1404 πρὸς
388 1313 555 1381 Μέτελλον
578 1311 747 1398 ὁμονοίας,
779 1311 926 1398 ἰσότιμον
948 1313 1051 1398 άνδρα
1073 1312 1130 1379 καὶ
1153 1315 1325 1403 κηδεστήν,
1347 1313 1402 1381 εύ-

283 1419 395 1505 τυχιάν
424 1423 497 1487 τινά
530 1417 628 1488 θείαν
658 1417 822 1487 αἰτιᾶται·
857 1420 966 1486 πολλὰ
999 1421 1060 1507 γάρ
1095 1418 1183 1506 αύτηῖ
1218 1422 1402 1509 πράγματα

282 1527 438 1616 παρέξειν
467 1524 659 1607 δπίδοξον”
641 1551 718 1595 οντα
741 1526 968 1615 πρηότατον’
952 1551 985 1593 εν
1007 1551 1046 1616 τη
1071 1524 1221 1615 κοινωνίᾳ
1248 1526 1404 1613 γενέσθαι

284 1648 341 1723 της
365 1633 469 1760 άρχης.
515 1633 618 1712 Sulla,
650 1643 707 1700 19:
740 1633 792 1701 διδ
823 1632 880 1700 καί
908 1637 978 1712 τοῖς
1008 1630 1183 1720 τροπαίοις
1213 1631 1404 1721 ἐπέγραφεν

276 1729 363 1830 ’Ἀρη
378 1765 435 1806 και
427 1737 555 1829 Νίκην
570 1764 627 1807 και
618 1730 848 1866 Ἀφροδίτην,
871 1741 915 1818 ὡς
938 1739 996 1806 οὐκ
1017 1735 1161 1828 ἦττον
1128 1736 1257 1828 ευτυχίηι
1280 1764 1403 1827 κατορ-

284 1849 401 1925 θώσας
423 1847 443 1935 ἢ
465 1846 624 1935 δεινότητι
647 1845 705 1912 καὶ
727 1846 859 1930 δυνάμει
881 1847 937 1912 τὸν
959 1845 1112 1929 πόλεμον.
1159 1848 1199 1913 El
1215 1847 1401 1912 Plutarchus

283 1973 400 2038 queque
423 1953 603 2036 adstipulari
631 1952 753 2019 videtur
781 1952 902 2018 Sullam
931 1953 1070 2019 fortunae
1097 1952 1197 2019 filium
1221 1972 1303 2030 esse,
1331 1973 1401 2020 eum

284 2060 316 2127 in
353 2061 418 2126 vila
446 2059 564 2138 Sullae,
594 2069 631 2134 5,
661 2061 756 2125 dicat:
790 2069 885 2125 τοῦτο
919 2071 977 2147 τῆς
1005 2059 1146 2148 μεγάλης
1175 2059 1266 2126 δοκεῖ
1295 2060 1403 2126 Σύλλα

284 2167 379 2256 τύχης
401 2163 563 2251 γενέσθαι.
610 2165 794 2232 Conceditur
816 2165 949 2249 singulis
978 2165 1155 2231 hominibus
1184 2166 1317 2250 egregiis
1338 2186 1403 2232 esse
1523 2200 1524 2237 ι

284 2293 371 2340 suem
400 2274 527 2358 εχοοεο,
558 2272 595 2338 δε
625 2273 714 2338 Alex.
738 2274 809 2339 fort.
833 2274 879 2347 ΙΙ,
905 2281 941 2337 3:
971 2273 1027 2361 τὴν
1056 2271 1151 2361 τύχην
1178 2259 1402 2360 Ἀλεξάνδρου.

286 2379 323 2445 de
345 2381 436 2446 Rom.
460 2379 529 2446 fort.
556 2390 574 2446 7
585 2403 591 2443 :
616 2378 711 2468 τύχην
734 2377 771 2444 δὲ
793 2380 850 2466 τὴν
872 2379 979 2444 αὑτοῦ.
995 2414 1039 2425 -
1055 2376 1117 2464 ἐγὼ
1140 2379 1202 2467 γάρ
1225 2379 1283 2444 καὶ
1299 2380 1403 2445 Κλεο-
1523 2368 1524 2379 ¹

288 2484 419 2572 πάτραν
447 2483 546 2573 αὐτὴν
579 2485 680 2572 Τύχην
702 2480 873 2571 Καίσαρος
895 2480 1024 2571 τίθημι.
1051 2521 1090 2530 -
1113 2483 1171 2550 καὶ
1200 2486 1219 2573 η
1245 2485 1322 2574 τύχη
1345 2509 1404 2552 σου

287 2580 373 2658 καθ’
406 2586 521 2679 ἑαυτὴν
549 2590 681 2678 μεγάλη.
726 2591 763 2657 de
793 2589 881 2656 Alex.
910 2590 980 2657 fert.
1010 2591 1058 2667 ll,
1088 2601 1125 2655 1:
1154 2601 1251 2659 τοῦτο
1278 2589 1338 2675 μὲν
1367 2590 1405 2658 ού

287 2709 345 2786 τῆς
365 2687 578 2783 Ἀλεξάνδρου
604 2697 699 2784 τύχης
727 2694 867 2782 γέγονεν,
903 2695 987 2761 άλλδ
1009 2707 1066 2784 της
1096 2693 1231 2764 ἐκείνων.
1277 2698 1405 2777 Marius,

287 2814 347 2872 46:
378 2805 466 2887 ύμνει
496 2804 553 2868 τδν
574 2803 674 2868 αὑτοῦ
703 2798 843 2885 δαίμονα
874 2801 931 2867 καὶ
959 2803 1017 2890 τὴν
1044 2803 1147 2891 τύχην.
1192 2805 1297 2886 Ipsum
1321 2805 1406 2871 nasei

288 2910 394 2994 tyehee
417 2910 578 2974 eonsilium
602 2928 666 2975 esse
689 2909 824 2987 videtur,
854 2927 925 2974 eum
950 2909 1039 2974 Plelo
1069 2911 1236 2975 moriturus
1266 2911 1407 2978 fortunae

287 3017 402 3102 gratias
431 3019 518 3100 agat,
546 3017 682 3099 primum
711 3015 791 3099 quod
820 3015 930 3092 home,
957 3015 1067 3081 deinde
1096 3016 1244 3100 Graecus,
1274 3018 1406 3103 denique

288 3122 422 3190 Socratis
444 3122 578 3207 aequalis
601 3125 690 3188 natus
713 3126 792 3187 esset
808 3123 841 3205 ¹).
888 3122 1116 3202 Demosthenes,
1140 3132 1199 3189 νει
1222 3122 1406 3206 ἐξοιωνιζό-

288 3252 382 3313 μενος
410 3231 467 3296 τδν
495 3224 580 3295 ἴδιον
608 3225 748 3311 δαίμονα
781 3227 837 3293 καὶ
866 3229 923 3316 τὴν
945 3229 1048 3317 τύχην.
1094 3231 1195 3314 Tyehe
1223 3235 1256 3297 et
1278 3230 1406 3298 daemon

289 3354 360 3403 eum
383 3337 435 3402 hie
458 3341 525 3401 tum
541 3335 651 3401 multis
672 3334 744 3401 eliis
766 3334 842 3400 loeis
857 3335 1027 3402 coordinati
1041 3339 1113 3402 sunt
1125 3337 1152 3420 2)
1175 3341 1208 3403 et
1230 3357 1301 3404 eum
1314 3339 1408 3422 genio

288 3442 435 3509 Romanis
465 3444 569 3509 saneto
599 3441 767 3525 comparari
796 3443 923 3525 possunt
935 3441 972 3522 ³).
1018 3442 1098 3507 Nam
1126 3441 1219 3509 sicuti
1242 3443 1275 3508 in
1298 3444 1409 3528 primis

365 3691 391 3755 1)
409 3689 449 3745 cf.
467 3689 567 3759 Pohl,
583 3690 770 3759 Dhmonolegie
788 3689 835 3744 dee
852 3689 987 3745 Plutarch.
1022 3689 1056 3744 K.
1074 3690 1178 3745 Lehre
1195 3691 1214 3745 l.
1233 3708 1265 3759 α,
1281 3709 1308 3762 p.
1328 3693 1390 3747 198.

362 3780 390 3845 2)
408 3777 446 3834 Cf.
465 3778 542 3834 Thes,
560 3782 589 3833 et
605 3779 680 3834 Rom.
698 3796 782 3849 eemp.
799 3781 830 3834 3:
858 3785 883 3835 εἰ
906 3780 938 3834 δὲ
957 3781 1064 3835 δεῖκαὶ
1082 3782 1117 3834 τά
1135 3781 1346 3852 δυστυχηθέντα
1367 3783 1410 3854 μὴ

292 3872 460 3925 παντάπασι
483 3872 629 3924 ποιεῖσθαι
651 3869 788 3943 δαίμονος
812 3865 872 3923 ἀλλ’
899 3871 997 3937 ἠθικὰς
1018 3874 1065 3923 καὶ
1088 3872 1245 3937 παθητικὰς
1268 3873 1355 3937 ζητεῖν
1377 3872 1410 3925 όν

292 3960 388 4019 αὐτοῖς
406 3958 552 4030 διαφοράς.
587 3955 714 4013 Aemilius
731 3957 840 4026 Paulus,
859 3957 908 4012 12:
925 3960 996 4012 κατὰ
1015 3958 1139 4029 δαίμονα
1158 3963 1263 4031 τίθημι.
1300 3958 1332 4013 δε
1345 3959 1407 4013 fort.

293 4049 324 4101 1:
343 4047 461 4120 δαίμονι
478 4049 551 4117 κακῷ
568 4050 616 4101 καὶ
634 4049 702 4121 τύχη
717 4051 900 4120 χρησάμενος.
938 4046 970 4100 de
988 4046 1060 4101 Alex.
1079 4046 1140 4101 lert.
1158 4046 1182 4101 I.
1196 4048 1245 4101 13:
1264 4050 1348 4119 τύχης
1360 4052 1407 4103 καὶ

291 4136 310 4190 δ
312 4141 428 4210 αίμονυς
446 4142 587 4209 φθονεροῦ
603 4141 651 4192 καὶ
669 4141 804 4208 νεμέσεως
820 4137 899 4192 ἔσται
917 4139 950 4190 τδ
966 4137 1054 4207 ἔργον.

362 4225 391 4290 3)
413 4223 454 4280 De
476 4225 556 4279 variis
580 4225 652 4294 genii
676 4224 911 4293 signifieetionibue
934 4225 1050 4279 eonferae
1078 4241 1174 4296 quaeso
1198 4224 1314 4279 Birh'um
1337 4224 1406 4296 apud

293 4312 455 4382 Roseher‚
473 4313 588 4368 Lexilen
606 4313 653 4368 der
669 4313 848 4382 griechischen
866 4313 920 4367 und
943 4313 1088 4368 remieehen
1105 4313 1281 4384 Myhhologie‚
1300 4315 1406 4385 [αἱρεῖς
