3084 4834
282 437 346 512 est,
377 452 413 500 ea
441 452 512 500 vero
537 451 613 518 queo
642 434 690 498 est
718 451 772 515 per
801 430 957 510 accidens,
988 431 1165 497 indefinita:
1195 448 1326 513 nemque
1349 428 1408 494 nni

194 594 211 612 .
284 539 410 606 infinita
432 539 567 606 accidere
589 541 725 622 possunt.
770 537 927 624 καθάπερ
952 534 1006 603 οὖν
1028 535 1156 626 ἐλέχθη,
1179 537 1257 602 ὅταν
1280 535 1313 601 ἐν
1334 537 1410 612 τοῖς

285 642 378 712 ἕνεκά
401 669 458 712 του
480 642 678 731 γιγνομένοις
693 653 789 710 τούτο
809 641 948 731 γένηται,
970 642 1044 710 τότε
1059 642 1186 728 λέγεται
1202 642 1272 708 άπὸ
1286 639 1407 707 ταύτα-

285 752 391 837 μάτου
406 750 464 817 καὶ
480 751 549 818 άπὸ
564 751 669 839 τύχης.
695 750 852 833 Exemplis
866 749 970 816 allatis
988 750 1139 832 disputat:
1163 749 1259 837 δῆλον
1273 747 1338 835 άρα
1352 747 1407 813 ὅτι

285 858 405 947 ἡτύχη
429 854 523 923 αἰτία
545 858 630 923 κατὰ
653 857 855 945 συμβεβηκὸς
878 854 911 922 ἐν
933 858 1004 934 τοῖς
1025 857 1111 922 κατὰ
1134 852 1325 943 προαίρεσιν
1340 865 1409 919 τῶν

284 963 377 1031 ἕνεκά
400 984 474 1031 του·
498 964 550 1030 διὸ
573 960 652 1049 περὶ
674 963 713 1028 τὸ
736 960 816 1027 αὐτὸ
839 961 970 1028 διάνοια
993 961 1052 1027 καὶ
1073 962 1168 1049 τύχη·
1191 963 1212 1049 ἦ
1235 962 1295 1048 γὰρ
1319 983 1405 1047 προ-

284 1069 409 1160 αίρεσις
432 1068 491 1137 οὐκ
513 1068 586 1135 άνου
609 1065 773 1146 διανοίας·
796 1067 933 1156 ἀόριστα
955 1066 1016 1151 μὲν
1036 1065 1090 1134 οὖν
1105 1069 1148 1133 τά
1163 1064 1258 1134 α’ίτια
1281 1065 1404 1154 άνάμιη

284 1169 379 1258 εἶναι,
402 1173 461 1264 ἀφ’
498 1170 542 1240 ὧν
571 1175 610 1240 ov
637 1172 760 1260 γένοιτο
790 1176 828 1241 τὸ
858 1173 927 1240 άπὸ
953 1174 1059 1263 τύχης.
1103 1175 1183 1240 ὅθεν
1205 1172 1262 1240 καὶ
1285 1175 1305 1262 ἡ
1327 1172 1405 1261 τύχη

283 1293 342 1349 τού
363 1279 516 1371 ἀορίστου
538 1273 623 1347 εἶναι
645 1281 735 1347 δοκοῖ
756 1278 815 1345 καὶ
827 1278 958 1368 ,άὸηλος
979 1280 1158 1368 ἀνθρώπῳ,
1181 1279 1240 1346 καὶ
1255 1275 1344 1345 ἔστιν
1360 1279 1406 1356 ὡς

284 1387 376 1456 οὐδὲν
402 1388 471 1455 άπὸ
500 1389 595 1477 τύχης
625 1386 745 1466 δόξειεν
777 1387 817 1453 oo
844 1383 1025 1472 γίγνεσθαι.
1070 1388 1181 1453 πάντα
1211 1389 1272 1475 γάρ
1300 1396 1405 1452 ταῦτα

285 1493 396 1583 ὀρθῶς
420 1492 557 1580 λέγεται,
580 1493 632 1560 ὅτι
654 1491 800 1578 εὐλόγως.
846 1488 917 1559 ἔστι
944 1491 1005 1576 μὲν
1033 1495 1093 1580 γάρ
1124 1494 1169 1571 ὡς
1191 1491 1313 1578 γίνεται
1336 1491 1406 1557 άπὸ

285 1601 397 1690 τύχης·
427 1603 514 1667 κατὰ
537 1599 738 1687 συμβεβηκὸς
765 1600 826 1688 γάρ
855 1596 978 1684 γίνεται
985 1650 993 1680 ,
1023 1598 1080 1665 καὶ
1109 1595 1197 1666 ἔστιν
1225 1595 1333 1666 αἴτιον
1361 1598 1406 1675 ὡς

285 1709 488 1795 συμβεβηκὸς
510 1708 530 1794 ἡ
552 1706 639 1794 τύχη.
670 1707 836 1789 Postquam
860 1706 1090 1789 exposuitque
1111 1725 1145 1772 re
1168 1707 1310 1771 different
1324 1706 1407 1771 inter

287 1833 320 1880 se
342 1814 422 1880 ratio
445 1815 478 1879 et
500 1814 638 1891 fortune,
662 1812 707 1878 sie
729 1812 793 1877 lere
815 1813 933 1897 pergit:
961 1812 1038 1901 τύχη
1062 1811 1099 1879 δὲ
1127 1811 1238 1899 ἀγαθὴ
1266 1810 1326 1895 μὲν
1351 1809 1406 1877 λε’-

286 1942 387 2006 χοται,
410 1919 488 1986 ὅταν
511 1918 641 2005 άχαθάν
662 1942 696 1983 τι
723 1917 837 2007 ἀποβῇ
848 1969 856 1999 ,
884 1918 993 2007 φαύλη
1023 1918 1073 2000 δέ,
1103 1919 1182 1985 ὅταν
1210 1917 1334 2007 poploe
1362 1941 1404 1998 τι,

286 2022 414 2108 εὐτυχία
457 2023 493 2090 δὲ
533 2024 590 2091 καὶ
632 2021 799 2107 δυςτοχία,
841 2023 919 2091 ὅταν
956 2023 1097 2110 μέγεθος
1137 2020 1249 2107 ἔχοντα
1290 2033 1403 2089 ταῦτα.

286 2132 434 2198 Alfirmet
455 2133 578 2214 insuper
600 2131 739 2198 fortunae
761 2131 995 2214 prosperitatem
1018 2132 1168 2198 insertam
1184 2150 1248 2197 esse
1263 2149 1325 2196 non
1340 2130 1406 2196 sine

286 2238 405 2304 ratione
434 2237 514 2316 diei,
544 2257 615 2304 eum
644 2238 711 2321 ipsa
740 2237 863 2304 fortune
892 2238 1010 2303 ineerta
1037 2239 1089 2304 sit.
1134 2238 1253 2304 Deinde
1282 2236 1407 2320 exponit

288 2345 435 2410 interesse
458 2343 541 2410 inter
563 2346 718 2411 fortunam
749 2346 781 2410 et
810 2362 930 2423 essum,
960 2364 1025 2428 esp.
1050 2355 1085 2411 6:
1115 2342 1265 2433 διαφέρει
1294 2332 1328 2409 δ’
1354 2343 1405 2409 ὅτι

266 2454 269 2468 “
288 2451 327 2517 τὸ
350 2447 534 2533 αὐτόματον
556 2448 615 2516 ἐπὶ
637 2449 752 2517 πλεῖόν
775 2449 863 2516 ἐστι·
890 2451 929 2516 τὸ
957 2449 1017 2535 μὲν
1045 2452 1106 2539 γὰρ
1128 2450 1197 2517 άπὸ
1219 2451 1315 2539 τύχης
1337 2458 1406 2515 πᾶν

288 2556 357 2623 άπὸ
380 2554 595 2641 ταύτομάτου,
619 2567 715 2623 τούτο
738 2545 774 2622 δ’
799 2554 836 2622 ού
851 2567 920 2622 πᾶν
934 2556 1003 2623 άπὸ
1017 2557 1122 2645 τύχης.
1152 2557 1287 2622 Maxime
1302 2560 1406 2622 antem

288 2662 422 2745 seperari
453 2663 530 2729 dieit
558 2662 607 2741 id,
636 2665 716 2747 qnod
746 2682 764 2728 e
792 2664 915 2730 lortnne
936 2664 989 2742 fit,
1018 2664 1052 2728 in
1073 2664 1174 2742 hisee,
1197 2682 1274 2747 qnae
1297 2666 1408 2729 nature

287 2769 377 2835 finnt.
423 2768 501 2835 ὅταν
524 2771 586 2857 γάρ
609 2767 740 2858 γένηταί
761 2794 796 2835 τι
818 2771 912 2858 παρὰ
934 2770 1042 2858 φύσιν,
1064 2769 1139 2837 τότε
1154 2768 1213 2836 οὐκ
1227 2769 1296 2836 άπὸ
1311 2770 1407 2856 τύχης

289 2874 373 2942 ἀλλὰ
393 2875 519 2959 μᾶλλον
542 2874 611 2942 άπὸ
633 2874 839 2960 ταύτομάτου
862 2874 1024 2962 γεγονέναι
1044 2874 1161 2964 φαμέν.
1197 2872 1268 2942 ἔστι
1290 2874 1327 2941 δὲ
1349 2872 1406 2940 καὶ

289 2992 384 3048 τούτο
415 2979 532 3069 ἕτερον.
578 2992 636 3048 τοῦ
663 2980 722 3066 μὲν
750 2985 812 3069 γάρ
842 2978 905 3062 ἔξω
935 2984 974 3049 τὸ
1002 2977 1123 3064 αἴτιον,
1153 2992 1211 3048 τού
1239 2973 1273 3048 δ’
1307 2978 1406 3059 ἐντός.
1511 3018 1512 3027 ¹

289 3088 508 3172 Intellegimus
529 3088 628 3173 igitur
650 3088 852 3156 Aristotelem
871 3089 966 3179 τύχην
989 3090 1094 3156 eodem
1118 3090 1206 3156 modo
1221 3085 1328 3155 αἴτιον
1343 3107 1409 3155 esse

290 3215 382 3280 quam
405 3206 476 3262 νούν
498 3198 531 3262 et
553 3196 651 3284 φύσιν
673 3197 827 3264 indicare..
1510 3236 1512 3293 η

357 3300 416 3367 Sed
438 3301 510 3368 aliis
532 3321 650 3387 quoque
672 3302 748 3370 loeis
771 3305 979 3385 perscrutatur
1005 3302 1189 3369 Aristoteles
1215 3302 1409 3386 explicatque
1511 3380 1512 3383 χ

289 3406 385 3495 τύχης
413 3408 579 3475 notionem.
627 3410 674 3474 De
696 3428 765 3494 gen.
791 3413 823 3476 et
844 3428 921 3475 oorr.
943 3411 984 3476 Il.
1011 3417 1046 3475 οε
1076 3410 1118 3474 τὰ
1140 3408 1289 3493 γινόμενα
1313 3407 1407 3497 φύσει

290 3512 402 3579 πάντα
426 3510 568 3599 γίγνεται
582 3515 611 3603 ἢ
633 3514 683 3582 niel
706 3514 767 3582 ὡδὶ
791 3517 811 3604 ἢ
834 3517 878 3595 ὡς
907 3514 966 3582 ἐπὶ
992 3516 1031 3582 τὸ
1060 3516 1162 3597 πολύ,
1190 3517 1232 3581 τὰ
1255 3514 1410 3601 δὲπαρά

288 3620 329 3686 τὸ
351 3617 402 3685 otei
427 3618 484 3685 καὶ
508 3620 552 3698 ὡς
575 3620 634 3687 ἐπὶ
656 3623 695 3689 τὸ
717 3623 804 3690 πολὺ
827 3622 896 3689 άπὸ
918 3621 1123 3706 ταύτομάτου
1147 3620 1203 3688 καὶ
1220 3621 1288 3688 άπὸ
1303 3620 1408 3709 τύχης.

290 3726 336 3791 De
359 3726 452 3804 eaelo,
475 3726 517 3791 II.
541 3736 578 3795 8:
602 3729 672 3811 άμα
695 3726 812 3795 δὲκαὶ
834 3727 893 3796 οὐκ
915 3724 1003 3794 ἔστιν
1031 3727 1065 3795 ἐν
1092 3732 1163 3807 τοῖς
1185 3728 1280 3817 φύσει
1301 3728 1341 3793 τὸ
1364 3727 1410 3804 ὡς

288 3826 406 3913 ἔτυχον,
429 3829 564 3900 οὐδὲτὸ
586 3845 756 3916 πανταχοῦ
778 3833 836 3901 καὶ
858 3846 962 3901 πᾶσιν
984 3834 1130 3924 ὑπάρχον
1151 3836 1190 3902 τὸ
1212 3834 1281 3900 άπὸ
1302 3834 1408 3922 τύχης.

289 3938 414 4022 Anelpt.
440 3941 517 4021 post.
540 3940 566 4004 Ι.
591 3949 649 4006 30:
679 3951 737 4006 τοῦ
763 3929 797 4007 δ’
829 3940 898 4008 άπὸ
928 3941 1022 4030 τύχης
1052 3941 1109 4008 οὐκ
1132 3937 1220 4007 ἔστιν
1242 3939 1408 4029 ἐπιστήμη

291 4033 338 4109 δι’
372 4041 580 4124 ἀποδείξεως.
626 4043 698 4112 ούτε
727 4049 788 4136 γάρ
819 4048 864 4126 ὡς
892 4047 1069 4133 άναγιαῖον
1099 4037 1179 4114 oes'
1216 4048 1261 4126 ὡς
1288 4045 1347 4113 ἐπὶ
1370 4047 1410 4112 τὸ

290 4149 438 4218 πολύτὸ
460 4150 529 4218 άπὸ
551 4152 646 4241 τύχης
669 4151 757 4220 ἐστίν
764 4188 787 4236 ,·
803 4153 888 4220 ἀλλὰ
915 4155 954 4221 τὸ
983 4157 1078 4243 παρὰ
1109 4164 1213 4220 ταῦτα
1236 4152 1409 4240 γινόμενον.

288 4257 362 4323 Eth.
386 4257 463 4324 Eud.
487 4259 556 4325 VII.
588 4268 647 4326 14:
677 4259 761 4325 ἀλλὰ
787 4262 850 4349 μὴν
878 4262 899 4349 η’
928 4283 963 4345 χε
992 4261 1090 4349 φύσις
1119 4257 1212 4326 αἱτιά
1236 4262 1256 4348 ἢ
1277 4271 1335 4326 τοῦ
1358 4257 1410 4324 olei
