3084 4834
268 455 361 520 Plato
383 453 509 534 iudicat,
532 455 579 520 ita
594 455 693 521 uirtus
715 456 747 520 et
761 454 885 520 fortuna
908 473 941 520 se
956 455 1189 535 coniunxerunt,
1212 458 1250 522 ut
1271 475 1392 523 sacrum
1519 450 1520 509 ἕ

270 564 302 627 et
324 561 492 645 benignum
507 562 620 640 focum,
642 578 785 626 ancoram
807 560 898 626 rebus
920 560 1098 628 labantibus
1119 581 1156 628 ac
1168 562 1394 630 fluctuantibus
1519 600 1520 609 κ

270 669 500 735 constituerent.
538 666 617 733 Cum
640 666 725 749 prius
740 665 845 732 omnia
867 666 951 732 inter
973 686 1005 732 se
1028 667 1221 734 nullomodo
1243 670 1391 735 termino-

269 793 329 856 que
358 774 428 840 dato
457 775 628 851 certarent,
650 776 755 855 postca
777 773 876 837 Roma
897 773 1036 852 exstitit,
1060 777 1097 839 ut
1118 774 1201 840 vires
1230 775 1394 859 colligeret
1519 824 1520 857 ,

270 880 374 963 eisquc
397 879 579 945 firmitatem
601 877 760 961 praeberet
782 896 817 942 ac
838 877 941 943 fomur
964 878 1073 944 mundi
1096 879 1199 958 lieret3
1223 899 1315 964 quam
1337 880 1393 965 qui

271 986 367 1051 talem
389 985 545 1064 fecerunt,
574 985 691 1050 uirtute
720 983 858 1049 exornati
880 983 1073 1067 praeditique
1102 986 1227 1051 fortuna
1249 1006 1394 1070 prospera
1519 1058 1520 1071 ἢ

270 1091 320 1157 usi
342 1094 424 1157 sunt.
472 1091 630 1157 Virtutem
660 1091 724 1155 iam
750 1090 789 1154 ad
812 1092 967 1156 certamen
989 1091 1093 1174 quieto
1123 1091 1200 1174 pede
1229 1111 1265 1158 ac
1286 1113 1393 1159 sereno
1519 1106 1520 1111 ’

271 1197 360 1263 uultu
397 1196 642 1281 progredientem
680 1195 869 1261 comitantur
913 1199 945 1261 et
982 1196 1209 1282 subsequuntur
1245 1190 1393 1279 Fabricii,

270 1304 408 1383 Camilli,
443 1303 532 1370 Lucii
563 1302 754 1381 Cincinnati,
790 1301 919 1367 Maximi
948 1302 1053 1380 Fabii,
1087 1302 1210 1369 Claudii
1240 1303 1392 1384 Marcelli,

270 1409 443 1494 Scipiones,
466 1408 539 1475 Gaii
562 1408 674 1486 Marii,
697 1407 796 1473 Mucii
819 1407 994 1488 Scaeuolae,
1025 1408 1123 1474 Marci
1152 1409 1287 1477 Horatii.
1333 1410 1393 1476 Sed

234 1547 237 1553 ·
272 1516 362 1600 tycho
396 1515 544 1581 virtutem
574 1514 665 1598 longe
695 1514 881 1596 praecurrit3
915 1514 1019 1580 Persis
1047 1514 1243 1599 Assyriisque
1277 1516 1398 1583 relictis

272 1620 483 1686 Macedoniam
512 1620 672 1703 pervolans
700 1619 877 1703 Aegyptum
905 1622 937 1685 et
959 1619 1079 1704 Syriam
1107 1622 1296 1706 permigrata
1322 1621 1396 1689 (lar-

273 1727 400 1811 thagine
423 1725 532 1792 relicta
554 1745 647 1802 nunc,
670 1744 741 1790 curn
764 1725 804 1790 ad
826 1724 977 1808 palatium
1000 1726 1139 1805 accedat,
1167 1727 1227 1793 alis
1250 1727 1399 1812 depositis

273 1836 404 1900 Menam
427 1832 565 1910 intrauit,
589 1832 634 1896 ibi
657 1849 800 1897 mansura
822 1851 920 1917 neque
943 1831 1037 1897 infida
1059 1833 1108 1897 uel
1130 1832 1249 1900 incerta
1271 1837 1399 1900 estnec

273 1939 427 2022 duplicem
449 1938 611 2004 mdeutem
640 1941 740 2018 tenet,
770 1936 823 2002 sed
846 1937 946 2003 multo
968 1938 1070 2022 magis
1098 1957 1180 2005 soror
1203 1940 1343 2007 iustitiae
1364 1943 1400 2006 et

272 2043 486 2128 persuasionis,
508 2044 718 2127 prouidentiae
741 2042 806 2108 lilia
833 2042 896 2108 dici
925 2046 1036 2127 potest.
1082 2045 1210 2113 Nobiles
1231 2047 1397 2129 praeclari·

275 2170 335 2235 que
364 2151 425 2216 uiri
455 2169 521 2216 eam
553 2153 737 2234 sequuntur,
766 2150 889 2216 Numae
911 2150 1076 2233 Pompilii,
1100 2151 1261 2236 Tarquinii
1285 2153 1398 2231 Prisci,

274 2256 406 2323 Aemilii
428 2257 535 2336 Pauli,
564 2256 692 2323 caecilii
715 2255 853 2335 Metelli,
883 2255 1014 2322 Aemilii
1038 2256 1145 2323 Scauri
1168 2261 1200 2324 et
1229 2258 1401 2342 inprimis

275 2363 408 2430 Cornelii
430 2361 543 2429 Sullae.

342 2470 494 2535 Romanos
522 2469 604 2552 ipsos
633 2468 733 2552 magis
760 2468 916 2535 fortunam
946 2487 1038 2552 quam
1068 2468 1217 2536 uirtutem
1239 2473 1401 2536 voneratm
1519 2466 1520 2557 ξ

276 2594 340 2640 esse
364 2575 528 2640 ostendunt
556 2573 655 2639 multa
685 2574 802 2658 templa
831 2575 863 2639 in
887 2574 1028 2640 fortunae
1057 2575 1204 2641 honorem
1233 2578 1400 2655 exstructa,

277 2680 388 2765 quihus
426 2680 614 2746 enumeratis
647 2680 833 2746 Plutarchus
873 2700 933 2746 non
968 2680 1067 2746 solum
1102 2680 1135 2746 Ο.
1169 2680 1330 2747 Gaesarem
1365 2681 1399 2746 lu

277 2807 423 2871 magnum
454 2786 624 2870 periculum
655 2786 733 2852 mari
764 2786 922 2869 delapsum
950 2788 1073 2853 fortuna
1102 2806 1157 2852 sua
1190 2787 1339 2854 confisum
1368 2790 1401 2853 et

279 2895 403 2961 omnino
426 2912 544 2976 semper
566 2893 722 2971 fortunam
739 2894 930 2977 complexum
953 2913 1027 2972 csse,
1049 2894 1102 2959 scd
1124 2893 1219 2959 etiam
1240 2892 1399 2959 Gaesarem
1519 2976 1520 2979 Ἴ

277 3001 455 3085 Augustum
477 3018 546 3064 eam
560 2999 694 3065 ueritum
717 3019 782 3066 esse
798 3003 928 3066 enarrat.
967 3001 1049 3065 Tum
1063 3002 1217 3066 Romanas
1235 3018 1285 3064 res
1298 3001 1401 3082 gestas

278 3107 317 3172 ab
352 3105 454 3171 initiis
487 3106 590 3171 animo
626 3108 765 3189 repetens
800 3108 833 3172 et
867 3108 1075 3189 perscrutatus
1112 3106 1281 3189 permultos
1314 3122 1401 3170 casus

279 3214 467 3293 eventusque
489 3212 605 3295 reperit
627 3211 822 3290 Plutarchus,
844 3211 883 3277 ad
904 3231 980 3295 quos
1001 3211 1092 3296 tycho
1107 3209 1278 3294 plurimum
1302 3209 1403 3276 valuit

279 3321 311 3384 et
333 3336 461 3402 quorum
483 3317 679 3399 potissimum
702 3318 855 3401 principia
880 3335 1043 3402 causasque
1071 3316 1162 3401 tyclm
1187 3315 1307 3399 posuit,
1336 3315 1399 3381 uir·
1519 3376 1520 3379 ,

279 3428 347 3491 tute
370 3424 527 3490 inchoatae
549 3424 639 3490 modo
662 3444 710 3490 res
733 3423 958 3490 exaedificante.
989 3422 1076 3503 Quod
1099 3423 1258 3514 praecipue
1274 3419 1401 3488 Romuli

278 3531 439 3596 iuventute
462 3530 648 3610 affirmatur,
679 3549 772 3614 quam
794 3530 959 3614 diligenter
975 3526 1070 3595 'tuito
1092 3547 1156 3595 esse
1178 3528 1301 3594 fortuna
1323 3529 1402 3593 bona

279 3635 411 3702 uidetur.
450 3636 520 3702 Nisi
543 3637 633 3720 tycho
649 3655 750 3702 rerum
771 3635 972 3701 fundamenta
994 3635 1107 3700 iaceret
1127 3635 1287 3717 primaque
1309 3633 1402 3698 initia

277 3742 453 3820 inchoaret,
476 3742 595 3808 nullam
618 3743 744 3808 haberet
767 3741 865 3808 uirtus
887 3741 1091 3819 occasionem,
1118 3743 1309 3824 praesentem
1331 3758 1400 3824 pro-

280 3848 452 3932 pitiamque
475 3867 507 3913 se
528 3848 703 3930 praebendi.
749 3849 829 3914 Tum
859 3867 876 3913 e
904 3851 1006 3913 vetere
1034 3849 1242 3914 Romanorum
1272 3847 1402 3913 historia

280 3955 447 4021 auctoritas
469 3954 591 4020 Numae
615 3955 763 4037 Pompilii
787 3957 819 4020 et
842 3953 928 4020 Serui
951 3954 1050 4020 Tullii
1072 3955 1207 4034 affertur,
1231 3972 1248 4018 e
1268 3952 1400 4018 receuti·

281 4080 332 4127 ore
355 4079 425 4126 uero
447 4064 567 4143 praeter
590 4061 689 4127 multa
711 4061 794 4139 alia,
824 4061 973 4146 quomodo
996 4064 1094 4126 Roma
1115 4080 1134 4125 a
1155 4060 1250 4125 Furio
1273 4059 1401 4127 Camillo

274 4167 323 4234 sit
345 4167 492 4246 liberata,
515 4169 689 4246 enarratur,
712 4171 748 4233 ut
769 4170 918 4250 quantum
942 4167 977 4231 in
999 4168 1172 4233 uniuersam
1194 4168 1401 4232 Romanorum

280 4272 442 4340 historiam
466 4273 651 4355 pertinuerit
673 4273 863 4358 valueritque
885 4273 993 4356 tycho,
1016 4273 1203 4339 ostendatur.
1249 4273 1309 4339 Sed
1331 4291 1400 4339 curn
