3084 4834
270 497 357 581 quasi
384 497 536 562 inunum
560 515 667 579 eorpus
690 497 878 562 confluxerit.
927 497 1071 580 Polybius
1097 496 1253 579 praedicat
1280 497 1391 580 tyehen

271 603 374 686 probis
397 602 485 668 modo
509 606 541 668 et
563 602 680 685 optime
703 602 825 668 meritis
848 601 926 667 dona
948 621 1002 667 sua
1025 602 1160 667 tribuere
1183 605 1216 667 et
1238 604 1392 668 Romanos

271 709 466 793 dignissimos
499 709 694 775 consiliorum
730 727 853 774 suorum
896 709 1056 774 ministros
1090 708 1219 792 elogisse
1252 709 1295 791 (I,
1331 717 1391 790 583

271 815 332 893 IV,
357 825 413 893 813
445 817 488 892 X,
513 823 572 892 33;
604 815 679 894 XV,
703 816 771 901 23).
817 814 920 881 Simili
944 815 1034 880 modo
1057 815 1242 879 Plutarchus
1272 833 1392 898 quoque

271 923 412 987 enuntiat
440 922 552 1006 tyohen
582 923 734 987 Romanos
763 940 799 985 ea
827 920 864 986 de
887 940 978 986 causa
999 920 1166 999 adiuvisse,
1189 919 1269 1003 quod
1291 921 1317 985 ii
1339 939 1393 1003 per

270 1047 358 1094 suam
389 1028 524 1110 ipsorum
555 1028 702 1093 virtutem
732 1028 903 1109 plurimum
933 1029 1122 1110 praestantes
1150 1025 1275 1091 iomnna
1304 1024 1392 1109 digni

271 1133 390 1199 inventi
414 1133 486 1198 sint.

339 1241 375 1304 ln
408 1239 498 1304 rebus
532 1240 679 1305 Romanis
712 1239 890 1305 florentibus
927 1257 998 1304 eum
1032 1239 1218 1304 Plutarchus
1256 1238 1394 1303 divinam

272 1344 496 1428 providentiam
524 1364 669 1428 apparere
703 1348 840 1423 censeat,
871 1345 1071 1410 manifestum
1099 1347 1146 1410 est
1172 1364 1244 1410 enm
1273 1345 1308 1409 in
1337 1345 1394 1409 hac

271 1451 492 1516 declamatione
515 1452 636 1536 tycheu,
660 1451 710 1516 oui
726 1451 893 1517 maximam
915 1451 953 1515 ad
968 1452 1120 1516 Romanas
1143 1470 1190 1515 res
1205 1452 1307 1534 gestas
1328 1448 1394 1514 rim

271 1557 399 1636 tribuat,
422 1576 483 1623 non
505 1559 616 1624 fortem
638 1576 803 1639 casumque
826 1576 960 1635 caecum,
983 1556 1036 1622 sed
1058 1557 1216 1622 obscuram
1241 1575 1306 1621 esse
1328 1554 1394 1620 rim

272 1666 395 1747 putare,
425 1683 501 1747 quae
532 1683 627 1746 aeque
651 1664 829 1729 hominibus
850 1663 1004 1729 iomanem
1028 1682 1064 1728 ae
1092 1683 1141 1728 res
1163 1662 1310 1728 secundas
1331 1660 1394 1726 im·

273 1770 414 1852 partitur,
439 1769 628 1852 quinetiam
650 1769 979 1853 providentiamatque
1003 1788 1117 1834 numen
1140 1768 1290 1845 divinum,
1314 1768 1394 1851 quod

272 1875 451 1941 hominibus
480 1878 512 1941 et
540 1876 686 1959 gentibus
714 1876 778 1942 fata
808 1879 962 1960 sortesque
995 1874 1202 1959 praedestinat
1231 1873 1394 1957 omniaqm

273 1982 400 2048 consilio
422 1981 461 2046 ad
484 1982 598 2047 bonum
620 1982 712 2047 finem
728 1983 864 2047 adducit.
904 1981 971 2062 Qua
993 1982 1111 2048 ratione
1131 1980 1395 2046 considerantibus

272 2107 379 2172 resque
416 2088 627 2171 spectantibus
660 2089 736 2153 haec
773 2088 947 2153 dissertatio
982 2091 1065 2153 certo
1096 2087 1227 2171 quodam
1266 2085 1395 2151 oonsilio

273 2196 387 2277 scripta
410 2194 549 2260 habenda
571 2197 626 2271 est,
649 2214 725 2279 quae
747 2194 810 2260 late
834 2194 976 2260 diffusam
998 2194 1184 2260 Graecorum
1207 2193 1394 2259 sententiam

273 2298 453 2383 impugnet,
488 2321 565 2384 quae
603 2301 664 2367 ruit
700 2303 853 2367 Romanos
886 2302 965 2366 forte
1000 2302 1122 2365 tantum
1156 2302 1189 2363 et
1223 2300 1303 2364 bona
1333 2298 1395 2363 ior·

273 2408 349 2472 tuna
378 2405 509 2472 Graecos
542 2425 708 2490 superasse.
760 2405 934 2486 Quocontra
967 2406 1168 2484 Plutarchus,
1201 2404 1297 2470 sicuti
1330 2404 1394 2468 iam

276 2512 423 2595 Polybius
450 2518 482 2578 et
511 2514 676 2598 Dionysius
704 2515 860 2579 tentavere
875 2514 916 2597 ¹),
952 2511 1109 2578 ostendere
1143 2510 1212 2576 vult
1241 2512 1395 2576 Romanos

273 2618 407 2701 primurn
432 2638 485 2701 per
507 2638 592 2685 suam
615 2619 751 2702 ipsorum
774 2617 922 2685 virtutem
946 2620 1074 2684 honores
1100 2617 1291 2700 gloriamque
1314 2635 1395 2681 asse·

274 2727 361 2790 cutos
390 2726 629 2807 providentiam,
664 2744 742 2808 quae
770 2724 860 2790 nobis
893 2724 945 2788 hic
974 2723 1030 2789 sub
1064 2724 1169 2807 tyehes
1199 2722 1325 2788 notione
1359 2740 1395 2786 ac

273 2831 397 2896 nomine
413 2833 553 2910 occurrit,
577 2832 728 2898 adiuvisse
743 2850 910 2912 eorumque
932 2831 1098 2913 imperium
1117 2829 1236 2895 auxisse
1249 2830 1287 2909 2).
1328 2827 1395 2908 Qua

274 2957 344 3004 cum
372 2938 558 3022 cogitatione
587 2957 647 3003 non
676 2937 778 3002 solum
808 2936 902 3002 multi
933 2936 1068 3001 vitarum
1095 2935 1156 3001 loci
1187 2934 1392 3012 consentiunt,

274 3043 330 3110 ubi
344 3045 451 3127 tyohcs
472 3045 557 3109 notio
573 3043 679 3108 eadem
694 3042 918 3126 significatione
933 3042 1097 3107 adhibetur
1110 3043 1146 3125 ³),
1170 3043 1223 3108 sed
1246 3041 1276 3106 ei
1299 3039 1395 3106 etiam

273 3151 415 3216 universa
430 3149 591 3215 Plutarchi
606 3150 735 3215 historia
750 3148 921 3232 respondet,
944 3168 1014 3214 cum
1030 3150 1203 3214 Romanum
1227 3146 1394 3229 imperium

275 3256 482 3340 praecedentis
497 3256 715 3340 progressionis
730 3255 823 3321 finem
846 3254 941 3320 fuisse
957 3253 1106 3332 ostendat,
1129 3255 1222 3319 sicuti
1237 3252 1394 3336 Polybius,

274 3364 404 3429 Romam
432 3364 594 3446 paullatim
623 3362 788 3445 imperium
817 3361 956 3426 omnium
985 3363 1126 3443 gentium
1155 3359 1297 3442 adeptam
1320 3376 1394 3435 esse,

275 3469 447 3536 κάλλιστον
461 3471 531 3553 ἅμα
554 3467 611 3534 καὶ
627 3468 880 3556 ὠφελιμώτατον
902 3479 959 3554 τῆς
974 3466 1069 3554 τύχης
1088 3464 1289 3553 ἐπιτήδευμα
1306 3464 1393 3528 dicit.

274 3577 342 3641 Iam
365 3594 434 3641 vero
458 3575 673 3658 cognovimus,
702 3576 852 3657 qnantum
882 3572 1002 3638 differat
1025 3572 1147 3657 Polybii
1175 3590 1211 3636 ac
1233 3568 1395 3636 Plutarchi

276 3681 355 3747 ratio
377 3681 533 3747 historica.
572 3680 650 3746 (lum
677 3679 823 3764 Polybius
846 3698 907 3744 non
929 3678 1028 3744 solum
1052 3678 1150 3743 nudas
1171 3697 1220 3742 res
1243 3694 1395 3752 enarmns,

347 3895 374 3960 1)
393 3893 431 3949 Cf.
450 3893 479 3948 P.
499 3893 588 3947 Baur
606 3893 623 3948 1.
643 3910 674 3960 e,
692 3892 738 3947 ubi
756 3892 945 3963 pragmaticam
963 3891 1089 3944 historiae
1113 3889 1241 3943 rationem
1259 3886 1330 3957 apud
1347 3886 1395 3940 Po-

275 3983 375 4052 lybium
398 3983 557 4052 eandemque
581 3982 695 4035 ethicam
719 3998 776 4035 esse
800 3980 964 4045 ostenditur,
990 3996 1049 4032 enm
1073 3979 1150 4047 tycho
1174 3976 1295 4030 absolute
1313 3990 1395 4044 aequa

275 4073 398 4143 iustaque
417 4072 454 4125 sit
471 4074 500 4125 et
518 4071 589 4124 omni
605 4070 704 4124 homini
722 4070 847 4139 gentique
864 4069 950 4122 locum
968 4069 992 4123 ei
1010 4067 1127 4121 debitum
1146 4065 1278 4119 concedat.

347 4162 374 4226 2)
392 4161 425 4215 K.
444 4160 561 4227 hebra,
579 4159 598 4213 l.
618 4177 648 4226 o,
666 4177 692 4229 p.
712 4160 811 4229 lddsq.

347 4250 375 4315 3)
398 4248 541 4315 Camillus,
577 4249 622 4315 13;
654 4246 781 4301 Aemilius
813 4247 929 4313 Paulus,
961 4246 1011 4312 223
1043 4244 1152 4310 Nicias,
1186 4243 1236 4308 11,
1267 4243 1313 4307 17;
1345 4240 1394 4292 De·

274 4339 434 4405 mosthenes,
455 4338 495 4391 19.
