3084 4834
271 505 328 569 hac
361 503 572 570 dissertatione
607 507 761 571 versantes
795 503 994 568 Plutarcheae
1028 503 1236 586 philosophiae
1271 503 1387 587 optime

270 610 421 695 innectat)
450 612 594 693 probatae
624 612 687 676 sint
717 630 752 676 ac
775 613 930 693 praeterea
953 610 1048 675 etiam
1070 609 1148 686 illis,
1172 629 1249 692 quae
1273 612 1388 676 Bense·

271 718 353 782 lerus
368 720 392 797 ¹)
416 718 498 782 hunc
521 718 636 783 librum
659 721 782 801 propter
802 717 905 782 hiatus
926 716 1130 798 frequentiam
1151 715 1280 781 reiciens
1303 716 1387 781 iudi-

270 824 359 896 cavit,
377 823 568 902 adiuventur,
585 824 635 888 illi
653 823 713 889 loci
733 823 860 889 faciles
881 823 969 888 nobis
984 823 1188 905 praetermitti
1210 826 1388 904 potuerunt,

269 929 329 995 nisi
356 930 402 994 rei
429 929 518 1012 plane
545 929 760 1012 cumulateque
786 928 985 1012 perficiendae
1008 928 1107 1012 gratia
1130 929 1388 994 commemorandi

269 1036 400 1101 fuissent
422 1035 574 1117 simulque
597 1036 755 1101 ostendere
778 1036 977 1101 voluissemus
1006 1034 1071 1099 illis
1093 1034 1166 1117 ipsis
1188 1034 1264 1100 locis
1286 1034 1388 1100 consi·

272 1142 386 1207 daretis
408 1142 544 1225 priorum
560 1141 675 1207 iudicia
689 1141 829 1225 probari3
853 1161 924 1206 nam
947 1160 1095 1223 nusquam
1111 1140 1187 1205 alibi
1203 1141 1388 1206 Plutarchus

271 1252 336 1314 tam
360 1251 532 1313 accuratam
555 1249 660 1332 tyches
683 1248 919 1325 definitionem·
934 1247 1055 1331 qualem
1078 1248 1135 1313 hoc
1159 1247 1195 1312 de
1219 1247 1282 1312 tato
1308 1248 1387 1313 libro

270 1358 423 1422 tentatam
447 1355 593 1438 videmus,
618 1355 702 1420 dedit
725 1358 756 1420 et
779 1374 797 1420 a
824 1354 1062 1438 cogitationibus
1085 1354 1121 1419 de
1144 1354 1255 1419 intima
1281 1355 1387 1437 tyches

270 1465 379 1527 natura
400 1480 520 1543 prorsus
541 1462 692 1538 abhorret,
717 1481 791 1545 quas
806 1461 997 1526 Aristotelici
1019 1460 1251 1544 philosophandi
1267 1462 1388 1544 generis

269 1569 405 1652 proprias
428 1567 575 1645 videmus,
599 1569 643 1633 ita
665 1574 702 1634 ut
724 1588 761 1632 er
783 1568 961 1633 Aristotelis
983 1568 1248 1650 disquisitionibus
1271 1568 1387 1633 librum

270 1674 399 1759 pendere
428 1673 638 1756 recipiendum
670 1675 721 1739 sit.
775 1675 950 1739 Novissima
980 1694 1097 1759 quoque
1127 1675 1219 1739 huius
1248 1674 1388 1756 opusculi

270 1782 404 1847 recensio
418 1782 444 1864 ²)
466 1781 654 1865 gravissimis
676 1780 713 1844 de
729 1781 828 1846 causis
843 1782 977 1847 ostendit
992 1782 1193 1846 Plutarchum
1216 1783 1248 1845 id
1263 1780 1388 1864 quidem

270 1907 332 1953 non
362 1886 584 1970 conscripsisse.
616 1886 674 1952 Sed
696 1888 773 1951 alios
795 1905 905 1969 paucos
928 1888 1008 1953 locos
1031 1887 1068 1952 de
1091 1888 1156 1969 ipsa
1178 1888 1302 1952 fortune
1320 1887 1388 1952 adi·

269 1995 387 2067 ciamus
409 1993 626 2077 redeamusque
648 1993 687 2058 ed
709 1995 907 2076 propositum.
954 1995 1000 2059 De
1022 1997 1150 2077 superst.
1175 2005 1208 2060 7:
1232 1993 1305 2060 ούτε
1327 1995 1388 2079 γὰρ

270 2100 458 2188 ἄνθρωπον,
482 2096 555 2166 ntea
575 2099 678 2188 τύχην,
702 2095 778 2165 odae
789 2099 911 2187 καιρόν,
935 2087 1007 2166 ούτ’
1026 2100 1130 2181 αύτύν,
1154 2099 1237 2165 ἀλλὰ
1255 2100 1389 2167 πάντων

269 2209 325 2274 τὸν
336 2208 416 2273 θεὸν
427 2202 590 2290 uictorum
605 2206 758 2290 vituperet
770 2207 955 2272 Plutarchus
966 2206 1114 2285 homines,
1126 2208 1179 2291 qui
1190 2226 1239 2273 res
1249 2206 1389 2273 adversas

271 2333 390 2396 semper
413 2312 468 2378 deo
491 2331 548 2377 neo
576 2312 637 2378 sibi
667 2313 742 2395 ipsis
764 2315 819 2378 aut
841 2312 980 2378 fortunae
1004 2313 1168 2396 imputent.
1214 2314 1387 2380 Consolatio

269 2419 308 2485 ad
331 2438 471 2497 uxorem,
501 2428 538 2485 8:
568 2417 668 2508 μηδὲν
697 2415 842 2508 ἔγκλημα
871 2421 955 2507 πρὸς
984 2420 1040 2508 την
1067 2420 1162 2509 τύχην
1188 2417 1318 2503 εἴχομεν.
1345 2459 1387 2470 -

269 2524 352 2615 μηδὲ
374 2526 426 2591 ὅτι
455 2526 492 2591 τὸ
515 2523 724 2609 ἐλπιζόμενον
755 2524 792 2591 ού
814 2524 1016 2614 προςέθηκεν
1049 2528 1068 2615 ἦ
1101 2528 1193 2617 τύχη,
1223 2526 1281 2592 καὶ
1311 2526 1388 2615 περὶ

270 2643 328 2699 τοῦ
357 2629 511 2710 δοθέντος
538 2630 731 2719 ἀχαριστεῖν.
779 2621 849 2698 'Aci
881 2630 941 2715 μὲν
975 2634 1035 2720 γὰρ
1065 2635 1085 2721 ἦ
1114 2633 1191 2722 περὶ
1225 2636 1263 2701 τὸ
1294 2640 1388 2701 θεῖον

270 2735 414 2827 εὐφημία
443 2735 500 2803 καὶ
523 2739 560 2803 τὸ
584 2738 669 2825 πρὸς
690 2739 746 2827 τὴν
768 2739 863 2828 τύχην
888 2739 983 2805 ἵλεων
1010 2738 1067 2805 καὶ
1097 2738 1258 2828 ἀμομφὲς,
1289 2742 1389 2808 καλὸν

269 2843 327 2910 καὶ
363 2844 439 2933 ἡδύν
472 2841 656 2911 ἀποδίδωσι
679 2844 816 2932 καρπόν.
862 2845 1016 2911 Adversus
1038 2866 1089 2929 aa,
1112 2866 1188 2930 quae
1210 2847 1389 2913 hominibus

270 2970 289 3016 a
312 2951 368 3016 deo
390 2953 444 3016 aut
467 2949 589 3017 fortuna
610 2951 770 3030 accidunt,
794 2952 923 3017 fremere
953 2972 1013 3018 non
1043 2953 1125 3019 licet.
1170 2951 1253 3041 μηδὲ
1275 2952 1388 3018 πάντα

270 3056 327 3123 καὶ
349 3056 482 3135 πάντας
503 3055 723 3145 μεμφομένοις
744 3058 802 3145 τὴν
824 3058 927 3146 τύχην.

278 3183 282 3189 ’
337 3165 393 3230 ΙΠ.
429 3164 534 3229 Tertio
568 3165 658 3249 tycho
693 3164 847 3249 significat
881 3185 984 3231 casum
1021 3166 1206 3250 fortemque,
1248 3165 1389 3249 quamvis

270 3272 337 3336 eius
359 3273 493 3355 potestas
515 3270 572 3335 suh
595 3271 652 3336 hac
675 3270 800 3354 quidem
823 3271 1046 3356 significatione
1064 3273 1281 3355 angustissima
1297 3272 1340 3338 sit
1355 3276 1389 3339 et

270 3378 435 3443 minimum
459 3377 497 3441 ad
513 3377 673 3443 hominum
688 3396 736 3443 res
750 3382 852 3463 gestas
867 3379 975 3444 valeat.
1007 3379 1068 3446 Ubi
1083 3380 1267 3445 Plutarchus
1283 3399 1389 3444 casum

270 3485 442 3568 fortemque
464 3482 635 3567 significet,
664 3482 843 3568 plerumque
872 3484 1094 3569 significatione
1116 3483 1300 3568 αὐτόματον
1322 3485 1389 3551 uti·

269 3592 322 3682 tur
355 3609 391 3655 ac
424 3589 599 3671 saepissime
633 3591 772 3657 notiones
805 3590 882 3679 τύχη
912 3593 945 3656 et
973 3588 1155 3674 αὐτόματον
1183 3595 1308 3657 mutuae
1338 3591 1389 3659 vcl

269 3696 394 3781 propius
424 3696 505 3760 inter
534 3714 566 3761 se
597 3695 777 3762 coniunctae
807 3698 1027 3783 tractenturl).
1073 3697 1132 3764 Sed
1158 3717 1389 3782 nonnumquam

305 3900 309 3905 ’
343 3906 428 3972 1)Ἰ)ο
445 3906 523 3961 hiatu
540 3906 569 3961 in
587 3908 759 3978 scriptoribus
778 3907 892 3977 Graecis,
910 3909 1034 3979 Freiberg
1052 3911 1121 3966 1841
1140 3910 1163 3978 1,
1181 3912 1297 3981 314sqq.

342 3996 370 4061 2)
387 3995 420 4050 R.
439 3994 690 4064 Schmertosch‚
708 3997 748 4052 De
766 3998 902 4053 Plutarchi
920 4000 1124 4067 sententiarum,
1148 4017 1214 4070 quae
1237 4000 1270 4053 ad
1289 4000 1390 4055 divina·

271 4085 368 4139 tionem
387 4087 516 4155 spectant,
536 4085 648 4154 origine3
668 4086 768 4140 aceedit
785 4088 940 4157 epimetrum
959 4088 991 4143 de
1004 4088 1140 4142 Plutarchi
1158 4089 1203 4159 qui
1221 4089 1306 4144 fertur
1323 4096 1388 4165 περὶ

270 4177 436 4247 εἱμαρμένης
453 4174 550 4229 libello.
586 4173 657 4229 Dius.
675 4175 764 4244 inaug.
801 4177 906 4247 Icipzig
925 4179 1001 4233 1889.
1038 4195 1063 4248 p.
1083 4178 1180 4249 288qq.

341 4264 370 4328 3)
389 4262 426 4317 Cf.
452 4263 484 4317 dc
501 4263 562 4318 fort.
588 4263 618 4319 5:
642 4266 700 4318 ἀπὸ
725 4269 808 4337 τύχης
831 4272 877 4320 καὶ
902 4269 1070 4340 αὐτομάτως.
1107 4267 1139 4321 de
1156 4267 1231 4322 Rom.
1257 4267 1318 4323 fort.
1337 4269 1387 4323 12:

269 4354 374 4424 ἡτύχη
391 4357 438 4407 καὶ
457 4354 634 4427 ταύτόματον
660 4356 780 4423 ἐποίησε.
818 4355 850 4410 dc
871 4354 946 4411 Alex,
969 4356 1031 4410 tort.
1054 4355 1076 4411 I.
1102 4358 1149 4411 ll:
1174 4359 1387 4431 αὐτοματισμὸν
