3084 4834
165 476 227 534 31:
252 468 383 545 „cedere
406 469 581 535 fortunae“.
616 480 676 538 59:
701 493 764 550 „ne
788 472 950 538 Vitellium
975 476 1055 538 retro
1078 475 1201 540 fortuna
1216 496 1283 540 ver-

164 575 270 652 tisset,
300 595 376 658 quae
407 577 561 642 Flavianis
592 578 720 643 ducibus
748 598 809 644 uon
842 580 944 644 minus
974 599 1061 662 saepe
1091 601 1183 665 quam
1207 583 1284 649 ratio

163 682 301 747 adluit“.
348 684 402 748 IV.
435 694 471 749 1:
496 684 644 760 „fortuna
667 688 771 768 captas
795 687 916 751 urbis“.
965 695 1023 752 52:
1050 708 1148 765 „nam
1171 689 1285 754 amicos

161 790 302 871 tempore
325 790 446 855 fortuna
470 791 664 872 cupidinibus
686 792 850 875 aliquando
877 796 932 858 aut
962 795 1115 859 erroribus
1138 796 1283 861 imminui

163 895 325 960 transferri
356 897 528 962 desinere“.
582 908 640 964 74:
672 902 843 977 „moneant
870 918 924 964 vos
951 901 1110 984 utriusque
1144 902 1284 967 fortunae

162 1001 385 1068 documenta“.

234 1111 340 1193 ltaque
362 1110 502 1176 fortunae
524 1112 680 1176 notionem
705 1113 736 1176 in
760 1112 941 1178 clarissimis
970 1113 1169 1195 scriptoribus
1191 1133 1284 1196 appa-

167 1218 286 1280 rentem
310 1217 420 1282 intuiti
443 1219 661 1300 cognoscimus,
683 1221 833 1302 quantum
856 1218 987 1284 valuerit
1009 1220 1131 1285 fortuna
1151 1221 1187 1285 ad
1204 1222 1285 1302 opti-

165 1340 289 1387 morum
317 1323 452 1389 virorum
480 1325 689 1407 cogitationes.
735 1326 886 1390 Miremur
916 1326 1055 1390 Plinium
1079 1328 1285 1392 abundantem

163 1428 307 1494 fortunas
330 1430 449 1496 cultum
472 1450 507 1496 ac
530 1433 754 1497 venerationem
778 1433 973 1498 vehementer
996 1437 1159 1498 accusare?
1202 1434 1283 1500 Hist.

167 1535 241 1600 Nat.
266 1535 303 1600 lI.
329 1547 366 1602 7:
391 1540 482 1615 „toto
504 1540 614 1621 quippe
638 1541 751 1604 mundo
776 1542 806 1604 et
829 1540 971 1604 omnibus
986 1540 1062 1605 locis
1085 1541 1285 1623 omnibusque

166 1642 251 1707 horis
273 1644 410 1709 omniurn
441 1645 567 1710 vocibus
597 1646 730 1710 Fortuna
757 1647 822 1711 sola
848 1646 1008 1711 invocatur
1035 1666 1070 1712 ac
1099 1647 1285 1725 nominatur,

163 1768 229 1814 una
252 1754 427 1829 accusatur,
450 1770 512 1816 una
540 1751 643 1835 agitur
669 1771 735 1828 rea,
767 1770 827 1817 una
850 1752 1017 1835 cogitatur,
1047 1753 1111 1818 sola
1132 1753 1285 1831 laudatur,

162 1855 232 1920 sola
254 1857 409 1939 argaitum
439 1860 470 1922 et
493 1877 562 1922 cum
586 1858 732 1923 conviciis
755 1859 880 1936 colitur,
909 1859 1070 1937 volubilis,
1094 1879 1112 1924 a
1135 1861 1285 1943 plerisque

167 1981 238 2028 vero
262 1966 293 2027 et
315 1982 404 2029 caeca
426 1963 611 2030 existumata
632 1984 725 2048 vaga,
749 1966 940 2044 inconstans,
962 1966 1095 2044 incerta,
1119 1967 1212 2044 varia,
1235 1968 1285 2030 in-

165 2069 389 2154 dignorumque
413 2072 542 2148 fautri13
566 2072 639 2136 huic
654 2072 756 2137 omnia
777 2090 914 2154 expensa,
938 2073 1012 2136 huic
1027 2073 1131 2137 omnia
1146 2074 1286 2138 teruntur

162 2179 300 2258 accepta,
324 2180 356 2242 et
378 2178 411 2242 in
435 2180 640 2243 toleratione
663 2179 842 2244 mortalium
865 2179 929 2245 sola
951 2182 1113 2262 utramque
1141 2181 1286 2263 paginam

163 2283 259 2360 facit,
288 2284 421 2369 adeoque
451 2285 597 2350 obnoxiae
620 2305 726 2351 sumus
755 2286 862 2362 sortis,
892 2288 928 2351 ut
959 2304 1022 2351 sors
1052 2287 1118 2370 ipsa
1146 2305 1200 2369 pro
1230 2288 1285 2351 deo

164 2390 220 2467 sit,
243 2391 398 2473 quadrus
421 2392 564 2473 probatur
588 2393 759 2457 incertus“.

234 2496 293 2562 Sed
308 2517 413 2563 eamus
428 2497 465 2564 ad
482 2499 693 2578 Plutarchum,
717 2500 753 2564 ut
774 2498 840 2563 eius
855 2498 979 2563 tandem
994 2499 1143 2564 rationem
1159 2518 1285 2583 cognos-

163 2622 280 2668 camus.

234 2710 299 2774 Iam
330 2730 434 2794 saepe,
465 2712 518 2795 qui
551 2712 710 2776 Plutarchi
741 2712 958 2777 Chaeronensis
988 2731 1078 2794 opera
1107 2715 1284 2790 tractavere,

164 2816 263 2881 talem
286 2817 400 2901 fingere
423 2838 494 2883 eum
517 2818 584 2883 ausi
608 2821 689 2896 sunt,
713 2819 766 2902 qui
782 2839 853 2883 cum
869 2819 1043 2884 Christiana
1058 2818 1206 2902 religione
1226 2819 1285 2883 ali-

162 2942 258 3006 quam
283 2925 535 2990 necessitudinem
560 2926 711 3004 babuerit,
735 2924 945 2991 Christianum
962 2925 1081 2991 cultum
1101 2927 1285 3009 cognoverit,

169 3029 363 3096 Christianae
385 3031 463 3114 legis
486 3032 640 3097 studiosus
669 3031 810 3114 luerit1).
845 3031 1036 3116 Quamquam
1059 3032 1285 3109 concedendum

166 3141 215 3202 est
231 3138 431 3204 Plutarchum
448 3140 510 3204 iam
527 3140 587 3205 loci
606 3144 637 3205 et
659 3141 807 3223 temporis
823 3140 970 3206 beneficio
988 3140 1100 3205 multas
1115 3140 1285 3204 occasiones

168 3245 412 3311 Christianorum
448 3247 602 3311 doctrinas
631 3246 831 3330 cognoscendi
853 3267 889 3311 ac
918 3245 1104 3330 percipiendi
1134 3245 1285 3324 babuisse,

165 3371 351 3436 quamquam
374 3353 455 3418 haud
479 3354 571 3419 dubie
594 3355 674 3437 apud
698 3355 901 3418 Plutarchum
924 3373 994 3418 cum
1019 3353 1184 3417 maximam
1199 3371 1285 3417 vere·

167 3459 309 3523 cundiam
334 3478 368 3524 ac
392 3459 583 3543 religionem,
607 3459 821 3525 admirabilem
846 3459 1057 3543 integritatem
1077 3477 1112 3522 ac
1127 3458 1284 3540 pietatem,

168 3568 236 3630 turn
252 3567 386 3632 manime
402 3571 579 3650 perpetuam
595 3567 785 3633 voluntatem
801 3570 892 3650 atque
914 3565 1115 3649 cupiditatem
1136 3564 1285 3641 divinum,

169 3672 200 3736 id
231 3676 277 3739 cst
309 3674 486 3752 veritatem,
518 3673 717 3756 cognoscendi
746 3673 884 3738 invenire
913 3691 1086 3755 possumus,
1119 3674 1221 3737 tamen
1250 3692 1285 3736 en

166 3781 309 3847 omnibus
336 3782 402 3846 eius
430 3781 552 3863 scriptis
581 3783 707 3863 apparet
736 3799 807 3845 eum
835 3799 896 3844 non
926 3781 1014 3844 modo
1043 3798 1103 3844 uon
1126 3779 1285 3861 accepisse,

166 3888 222 3952 sed
244 3908 282 3952 ne
299 3888 473 3972 cognouisse
489 3888 612 3972 quidem
629 3887 872 3953 Christianorum
895 3887 1047 3951 doctrinas
1060 3887 1095 3969 8).
1128 3885 1171 3949 Et
1186 3884 1285 3950 multo

240 4066 267 4130 1)
281 4064 319 4119 of.
339 4065 437 4132 Pohl‚
457 4065 506 4118 Dic
525 4065 711 4133 Damonologie
729 4064 776 4117 des
794 4064 928 4130 Plutarch,
948 4063 1058 4117 Brcslau
1079 4063 1154 4116 1860.

240 4154 267 4219 2)
286 4153 324 4209 Of.
343 4154 371 4208 P.
391 4154 432 4208 W.
453 4153 580 4220 Orban‚
604 4153 877 4207 litterarhistoriscbe
896 4152 985 4205 Shizce
996 4152 1074 4204 aiiber
1091 4151 1217 4203 Plutarch
1235 4167 1284 4203 von

166 4241 310 4311 Charonea,
331 4244 516 4312 Schleusingen
537 4243 614 4309 1849,
633 4245 730 4312 p.6sq.
767 4242 799 4295 R.
819 4241 1022 4307 Volkmann,
1040 4241 1135 4306 chcn,
1154 4239 1285 4293 Schriften

168 4332 224 4384 und
241 4333 408 4403 Philosophia
427 4333 472 4387 des
490 4333 617 4386 Plutarch
635 4348 685 4385 von
704 4331 845 4398 Chironsa,
864 4330 953 4384 Berlin
974 4331 1050 4384 1869.
1077 4330 1099 4395 I,
1118 4331 1170 4384 306
1178 4347 1235 4399 sqq.
