3084 4834
281 435 339 522 την
369 431 405 499 δὲ
434 430 547 520 ἀρετὴν
576 429 865 519 ἐξῳκοδομηκέναι.
911 431 978 512 Quo
1006 430 1071 496 loeo
1101 430 1271 513 explicatur
1299 450 1410 498 causas

281 543 372 624 atque
413 538 612 604 fundamenta
653 539 789 603 omnium
831 557 934 603 rerum
975 540 1008 602 in
1043 538 1166 603 fortuna
1199 538 1299 619 posita
1337 557 1407 604 esse

282 648 490 728 virtutemque
506 643 784 709 exaedificationem
809 643 898 709 medo
921 646 953 709 et
974 644 1067 708 finem
1091 662 1206 708 curare.
1247 645 1406 727 Principia

282 771 383 817 rerum
407 770 423 815 e
446 750 568 816 fortuna
583 749 713 831 pendere
736 750 836 815 solent
858 769 893 814 ae
909 749 1142 833 procedentibus
1166 748 1289 814 demum
1312 751 1408 815 rebus

282 857 444 922 hominum
468 856 599 922 virtutes
620 855 806 938 consiliaque
829 876 879 921 eas
901 856 1008 922 sistere
1031 859 1085 922 aut
1108 874 1216 938 urgere
1239 859 1271 920 et
1293 875 1407 938 augere

282 964 417 1046 possunt.
464 971 501 1028 8:
524 962 619 1090 τύχης
641 960 771 1046 κλέμμα
802 960 860 1027 καί
887 962 1113 1050 σύηκσμακ-
1135 962 1258 1087 ταύτηγ
1280 961 1408 1050 (ἀρχὴν)

284 1060 315 1134 6'
342 1066 461 1197 ῆτύχη
484 1065 642 1154 παρέσχε,
673 1068 809 1133 σώσασα
838 1066 894 1133 καί
919 1066 1093 1155 φυλάξασα
1116 1068 1172 1133 τὸν
1195 1064 1336 1186 κτίστην
1361 1103 1404 1114 -

286 1176 305 1264 6
333 1174 393 1257 μὲν
421 1175 482 1260 γὰρ
512 1171 608 1301 άρετη
630 1171 771 1258 μέγαν
755 1170 890 1260 εποίησε
910 1163 980 1256 ‘pr
981 1174 1083 1254 ιύλσν,
1117 1174 1234 1262 ἦτύχη
1265 1162 1296 1238 6
1329 1172 1405 1260 ὐίχρι

284 1291 342 1347 τοῦ
376 1278 527 1364 γενέσθαι
560 1277 663 1364 μέγαν
696 1277 837 1367 ἐτήρησε.
893 1288 952 1345 1οτ
986 1279 1084 1357 αὐτὸς
1118 1275 1233 1345 ἑαυτὸν
1268 1275 1315 1357 είς
1347 1281 1409 1367 τὴν

284 1386 380 1475 τύχην
402 1384 525 1473 άνηπτε
547 1384 604 1451 καί
620 1385 761 1451 ἀνεδεῖτο
784 1386 841 1472 τὴν
859 1383 1026 1472 ἡγεμονίαν
1049 1384 1084 1465 ἐξ
1106 1383 1236 1473 ἐκείνης.
1253 1424 1294 1433 -
1312 1382 1408 1465 είδὼς

285 1493 335 1559 δτι
365 1491 487 1580 μεγάλη
519 1493 604 1580 ῥοπι)
626 1490 750 1575 μᾶλλον
779 1479 812 1556 δ’
842 1491 916 1557 ὅλον
938 1492 957 1579 6
980 1492 1057 1580 τύχη
1086 1493 1182 1578 παρὰ
1205 1482 1307 1556 πάντ’
1334 1491 1405 1557 ε’στὶ

285 1599 327 1663 τὰ
355 1610 420 1662 τῶν
449 1595 636 1683 ἀνθρώπιον
664 1596 855 1682 πράγματα.
881 1635 921 1645 -
946 1598 1046 1675 ούτως
1075 1599 1095 1686 6
1124 1595 1275 1683 Σερουίου
1305 1604 1407 1681 βασι-

287 1700 358 1770 λεία
382 1702 579 1769 παντάπασι
608 1715 666 1791 της
694 1704 798 1791 τύχης.
824 1741 865 1750 -
889 1693 936 1770 δι’
970 1701 1123 1786 εὐτυχίαν.
1170 1706 1230 1769 Pro
1259 1706 1348 1789 tyehe
1370 1708 1411 1770 ut

287 1809 415 1876 salutari
449 1829 485 1874 ae
518 1809 652 1893 propitia
686 1811 718 1875 vi
752 1811 937 1875 Plutarchus
970 1829 1058 1893 saepe
1087 1807 1233 1890 εὐτυχίαν
1267 1811 1354 1893 pouit
1369 1810 1406 1890 ¹).

290 1927 349 1983 11:
382 1914 495 1998 ὤρθου
524 1916 582 2004 τὴν
610 1915 708 1981 πάλιν
738 1916 759 2002 6
787 1916 874 2002 τύχη.
904 1954 947 1963 -
978 1916 997 2004 6
1026 1915 1103 2002 τύχη
1136 1913 1193 1980 καί
1225 1914 1411 1999 αὐτόματον

288 2020 432 2112 ἐποίησε.
482 2031 539 2088 12:
564 2021 659 2110 τύχης
682 2018 779 2102 ἰσχύν.
803 2060 847 2069 -
866 2010 938 2086 οὐδ’
963 2020 1207 2110 ἀμφισβήτησις
1230 2017 1299 2088 ἔστι
1323 2023 1412 2109 πρὸς

287 2132 345 2218 τὴν
366 2129 471 2216 τύχην.
495 2165 537 2175 -
561 2128 619 2215 τὴν
640 2138 697 2215 της
719 2126 815 2215 τύχης
837 2125 1009 2210 εὐμένειαν.
1055 2126 1091 2191 de
1114 2127 1203 2191 Alex.
1226 2129 1295 2193 fert.
1323 2130 1347 2205 Ι,
1372 2140 1410 2192 1:
1517 2144 1518 2193 1

287 2235 381 2322 παρὰ
415 2246 473 2322 της
502 2233 599 2321 τύχης
628 2233 740 2318 λαβεῖν
767 2234 825 2320 τὴν
848 2229 1025 2320 ἠγεμονίαν.
1073 2243 1110 2298 2:
1139 2230 1197 2315 ἐμὲ
1226 2221 1259 2298 6'
1286 2234 1409 2322 ἡτύχη

288 2341 386 2425 μόνον
401 2337 582 2426 σονείρξειν.
621 2348 656 2404 3:
680 2337 957 2425 παρασκευασθὲν
979 2339 1046 2403 ὐπὸ
1069 2350 1126 2426 της
1149 2339 1243 2427 τύχης
1266 2338 1411 2427 ἐφόδιον,

290 2459 308 2514 7
319 2469 327 2513 :
349 2447 446 2536 τύχης
468 2444 514 2535 ἦν.
554 2456 592 2513 9:
615 2446 841 2523 κολακεύοντες
863 2443 963 2511 αὐτοῦ
984 2446 1041 2532 τὴν
1063 2445 1165 2534 τύχην.
1207 2455 1264 2512 10:
1287 2444 1325 2513 οὐ
1348 2448 1411 2532 γάρ

289 2553 460 2642 προέκρινε
493 2554 551 2641 τὴν
585 2552 681 2639 τύχην
713 2564 771 2639 της
806 2549 934 2639 σοφίας.
993 2553 1032 2630 ΙΙ,
1046 2561 1094 2618 ’3ι
1126 2564 1191 2617 τῶν
1224 2565 1282 2640 της
1316 2554 1412 2641 τύχης

290 2660 427 2746 ἀγαθῶν
441 2658 678 2746 τρόπαιονμ-
694 2657 866 2747 ποιησάτω
889 2659 909 2745 6
929 2657 1015 2790 τύχη.
1054 2667 1092 2722 4·
1115 2657 1233 2745 ητύχη
1249 2662 1350 2724 ποιεῖ.
1366 2694 1412 2705 -

289 2765 373 2851 μέγα
404 2765 440 2831 δὲ
468 2762 516 2851 τῷ
545 2763 652 2851 άρχειν
678 2752 890 2850 Ἀλέξανδρον
919 2765 939 2851 6
968 2764 1121 2852 τύχη-
1079 2764 1246 2842 -οίίτως
1275 2765 1296 2851 6
1322 2765 1411 2852 τύχη.

292 2884 426 2950 διττῶς
449 2871 546 2960 άρετη
533 2870 796 2957 βασιλεύουσιν
822 2870 997 3003 άγθριοποι
1024 2869 1082 2936 καὶ
1109 2884 1183 2949 πῶς
1206 2872 1360 2958 τύχη.
1383 2897 1411 2958 ῳ
1516 2896 1517 2937 ι

292 2991 349 3068 της
369 2967 583 3064 Ἀλεξάνδρου
600 2975 763 3061 δυνάμεως
780 2978 854 3066 6'
814 3001 891 3065 τυχη
907 2975 1079 3064 σμικρὸν)
1058 2976 1288 3043 απσσπάσασα
1308 3002 1412 3066 προς-

292 3083 403 3174 ἑδηκε.
450 3093 486 3150 6:
509 3084 564 3149 διὰ
587 3083 681 3172 τύχην
702 3086 840 3170 κρατεῖν.
896 3092 931 3149 7.
962 3108 1010 3170 πρ
1012 3082 1177 3213 ύςγραψον
1205 3081 1248 3171 τῇ
1270 3085 1347 3172 τύχη
1369 3085 1415 3148 τὰ

287 3179 524 3280 Ἀρβηλαμ-
554 3188 631 3277 τύχη
660 3190 718 3277 τὴν
750 3189 852 3320 Τύρον
885 3185 1006 3254 ε’σεισεν
1039 3188 1128 3274 αὐτη]
1161 3187 1219 3253 καὶ
1248 3189 1325 3278 τύχη
1354 3191 1415 3277 την

292 3293 470 3384 Αἴγυπτον
491 3293 678 3383 6666.-
635 3295 752 3361 -6c6
774 3295 937 3383 τύχην-
954 3294 1112 3383 ἡτύχη
1096 3295 1255 3383 εφρούρει.
1294 3306 1330 3363 8:
1355 3295 1413 3361 καί

367 3561 394 3625 1)
413 3559 450 3615 cf.
470 3559 598 3614 Aemilius
616 3560 722 3627 Paulus,
742 3560 792 3614 12:
812 3562 861 3613 οὐκ
880 3561 933 3630 ἔχω
951 3564 983 3633 τῇ
1002 3563 1136 3632 λεγομένη
1154 3569 1203 3613 τοῦ
1217 3559 1318 3632 ἀνδρὸς
1336 3564 1415 3614 εὐτυ-

295 3654 347 3721 χίην
367 3651 496 3723 λαμπρὸν
514 3650 673 3704 ἀποδοῦναι
691 3653 736 3704 καὶ
755 3650 897 3721 διάσημον
914 3649 1001 3718 ἔργον.
1038 3647 1096 3701 Nic.
1121 3650 1150 3701 et
1174 3646 1262 3702 Crassi
1281 3664 1362 3719 comp.
1381 3648 1415 3702 5:

298 3748 345 3807 τῆς
361 3734 503 3810 Ῥωμαίων
521 3739 654 3809 εὐτυχίας.
692 3736 779 3803 Sulla,
798 3737 847 3790 27:
872 3736 1040 3803 ἐκδηλότατα
1065 3747 1116 3790 τοῦ
1132 3742 1202 3790 θεοῦ
1219 3738 1269 3798 τὰς
1287 3739 1416 3808 εὐτυχίας

296 3830 536 3899 προσημαίνοντος
555 3827 646 3880 αὐτοῦ.
683 3825 715 3878 de
733 3825 809 3879 Rem.
827 3825 890 3881 fort.
908 3825 937 3878 l:
955 3826 1133 3893 βεβαιότατον
1150 3826 1288 3895 εὐτυχίαν.
1315 3826 1346 3879 6:
1367 3821 1411 3878 ὐπ’

295 3917 424 3986 εὐτυχίας
442 3917 512 3987 ἤρθη
529 3916 668 3987 μέγιστος.
700 3915 730 3969 8:
748 3916 877 3985 εὐτυχίας
893 3921 1060 3985 θαυμαστῆς
1076 3918 1215 3983 γενέσθαι.
1250 3914 1282 3967 9:
1301 3916 1415 3985 εὐτυχία

295 4005 487 4074 διεκυβέρνησε
505 4005 664 4076 θαυμαστή.
684 4031 718 4041 -
736 4011 886 4071 βεβαιῶσαι
904 4004 953 4069 τὴν
971 4006 1086 4070 αὔξησιν
1099 4005 1132 4076 τῇ
1144 4004 1264 4073 εὐτυχίᾳ.
1284 4031 1319 4041 -
1338 4004 1415 4057 εὐτυ·

299 4097 362 4163 χίας
384 4093 530 4164 μαρτύρια.
573 4090 604 4143 de
627 4089 701 4145 Alex.
726 4091 786 4144 fert.
809 4090 845 4143 II.
868 4090 899 4144 4:
927 4096 966 4152 είς
992 4093 1122 4161 εὐτυχίαν
1148 4095 1288 4145 τιθέσθαι.
1331 4090 1363 4144 de
1386 4107 1416 4144 se

295 4182 384 4251 ipsum
402 4180 470 4233 citra
486 4179 611 4234 invidiam
624 4178 763 4247 laudando,
785 4180 832 4233 ll:
850 4182 958 4252 μᾶλλον
970 4181 1025 4252 γάρ
1038 4181 1164 4250 εὐτυχίας
1177 4183 1193 4245 ἢ
1207 4181 1302 4250 ἀρετῆς
1316 4182 1414 4247 ηττιίσ·

293 4277 347 4325 θαι
364 4272 518 4338 βούλονται.
