<?xml version="1.0" encoding="UTF-8"?>
<!DOCTYPE html PUBLIC "-//W3C//DTD XHTML 1.0 Transitional//EN"
    "http://www.w3.org/TR/xhtml1/DTD/xhtml1-transitional.dtd">
<html xmlns="http://www.w3.org/1999/xhtml" xml:lang="en" lang="en">
 <head>
  <title>
</title>
<meta http-equiv="Content-Type" content="text/html;charset=utf-8" />
  <meta name='ocr-system' content='tesseract 3.04.00' />
  <meta name='ocr-capabilities' content='ocr_page ocr_carea ocr_par ocr_line ocrx_word'/>
</head>
<body>
  <div class='ocr_page' id='page_1' title='image "./defortunaeinplu00lassgoog_0069.png"; bbox 0 0 3084 4834; ppageno 0'>
   <div class='ocr_carea' id='block_1_1' title="bbox 137 406 1272 4315">
    <p class='ocr_par' dir='ltr' id='par_1_1' title="bbox 137 406 1272 4315">
     <span class='ocr_line' id='line_1_1' title="bbox 137 406 1258 492; baseline 0.003 -19"><span class='ocrx_word' id='word_1_1' title='bbox 137 426 216 492; x_wconf 88' lang='lat' dir='ltr'><strong>quae</strong></span> <span class='ocrx_word' id='word_1_2' title='bbox 231 426 292 472; x_wconf 94' lang='lat' dir='ltr'><strong>non</strong></span> <span class='ocrx_word' id='word_1_3' title='bbox 316 406 374 472; x_wconf 91' lang='lat' dir='ltr'><strong>nisi</strong></span> <span class='ocrx_word' id='word_1_4' title='bbox 399 406 537 490; x_wconf 85' lang='lat' dir='ltr'><strong>graviore</strong></span> <span class='ocrx_word' id='word_1_5' title='bbox 559 406 690 491; x_wconf 85' lang='lat' dir='ltr'><strong>quadam</strong></span> <span class='ocrx_word' id='word_1_6' title='bbox 712 409 804 492; x_wconf 88' lang='lat' dir='ltr'><strong>atque</strong></span> <span class='ocrx_word' id='word_1_7' title='bbox 827 407 955 474; x_wconf 82' lang='lat' dir='ltr'><strong>obscura</strong></span> <span class='ocrx_word' id='word_1_8' title='bbox 978 408 1009 472; x_wconf 91' lang='lat' dir='ltr'><strong>vi</strong></span> <span class='ocrx_word' id='word_1_9' title='bbox 1024 408 1106 476; x_wconf 87' lang='lat' dir='ltr'><strong>effici</strong></span> <span class='ocrx_word' id='word_1_10' title='bbox 1122 410 1258 492; x_wconf 92' lang='lat' dir='ltr'><strong>potuisse</strong></span> 
     </span>
     <span class='ocr_line' id='line_1_2' title="bbox 138 512 1260 595; baseline 0.004 -16"><span class='ocrx_word' id='word_1_11' title='bbox 138 512 327 580; x_wconf 83' lang='lat' dir='ltr'><strong>riderentur.</strong></span> <span class='ocrx_word' id='word_1_12' title='bbox 372 512 416 578; x_wconf 86' lang='lat' dir='ltr'><strong>Ut</strong></span> <span class='ocrx_word' id='word_1_13' title='bbox 437 512 514 577; x_wconf 90' lang='lat' dir='ltr'><strong>alios</strong></span> <span class='ocrx_word' id='word_1_14' title='bbox 535 512 792 595; x_wconf 74' lang='lat' dir='ltr'>praetermittam,</span> <span class='ocrx_word' id='word_1_15' title='bbox 816 513 932 591; x_wconf 81' lang='lat' dir='ltr'><strong>Liuius,</strong></span> <span class='ocrx_word' id='word_1_16' title='bbox 955 534 1026 579; x_wconf 91' lang='lat' dir='ltr'><strong>cum</strong></span> <span class='ocrx_word' id='word_1_17' title='bbox 1051 515 1260 583; x_wconf 82' lang='lat' dir='ltr'><strong>Alexandrum</strong></span> 
     </span>
     <span class='ocr_line' id='line_1_3' title="bbox 138 619 1262 704; baseline 0 -15"><span class='ocrx_word' id='word_1_18' title='bbox 138 621 359 689; x_wconf 88' lang='lat' dir='ltr'><strong>commemoret</strong></span> <span class='ocrx_word' id='word_1_19' title='bbox 381 619 450 700; x_wconf 86' lang='lat' dir='ltr'><strong>(IX,</strong></span> <span class='ocrx_word' id='word_1_20' title='bbox 476 620 628 703; x_wconf 77' lang='lat'><strong>17-18),</strong></span> <span class='ocrx_word' id='word_1_21' title='bbox 651 620 789 702; x_wconf 89' lang='lat' dir='ltr'><strong>quaerit,</strong></span> <span class='ocrx_word' id='word_1_22' title='bbox 812 620 933 704; x_wconf 84' lang='lat' dir='ltr'><strong>qualem</strong></span> <span class='ocrx_word' id='word_1_23' title='bbox 963 620 1142 687; x_wconf 90' lang='lat' dir='ltr'><strong>habiturum</strong></span> <span class='ocrx_word' id='word_1_24' title='bbox 1166 622 1262 690; x_wconf 90' lang='lat' dir='ltr'><strong>fuerit</strong></span> 
     </span>
     <span class='ocr_line' id='line_1_4' title="bbox 138 724 1260 795; baseline 0.002 -2"><span class='ocrx_word' id='word_1_25' title='bbox 138 727 259 793; x_wconf 91' lang='lat' dir='ltr'><strong>exitum</strong></span> <span class='ocrx_word' id='word_1_26' title='bbox 281 724 449 791; x_wconf 81' lang='lat' dir='ltr'><strong>Alexandri</strong></span> <span class='ocrx_word' id='word_1_27' title='bbox 472 727 576 790; x_wconf 75' lang='lat' dir='ltr'><strong>conta</strong></span> <span class='ocrx_word' id='word_1_28' title='bbox 598 725 751 790; x_wconf 87' lang='lat' dir='ltr'><strong>Romanos</strong></span> <span class='ocrx_word' id='word_1_29' title='bbox 774 724 901 791; x_wconf 90' lang='lat' dir='ltr'><strong>bellum.</strong></span> <span class='ocrx_word' id='word_1_30' title='bbox 945 725 988 791; x_wconf 89' lang='lat' dir='ltr'><strong>Ut</strong></span> <span class='ocrx_word' id='word_1_31' title='bbox 1009 728 1176 794; x_wconf 88' lang='lat' dir='ltr'><strong>acerrimus</strong></span> <span class='ocrx_word' id='word_1_32' title='bbox 1197 731 1260 795; x_wconf 91' lang='lat' dir='ltr'><strong>Ro·</strong></span> 
     </span>
     <span class='ocr_line' id='line_1_5' title="bbox 138 830 1261 915; baseline 0.001 -15"><span class='ocrx_word' id='word_1_33' title='bbox 138 853 209 900; x_wconf 89' lang='lat' dir='ltr'><strong>mae</strong></span> <span class='ocrx_word' id='word_1_34' title='bbox 239 831 316 898; x_wconf 88' lang='lat' dir='ltr'><strong>ciris</strong></span> <span class='ocrx_word' id='word_1_35' title='bbox 343 833 448 896; x_wconf 88' lang='lat' dir='ltr'><strong>censet</strong></span> <span class='ocrx_word' id='word_1_36' title='bbox 481 830 589 897; x_wconf 87' lang='lat' dir='ltr'><strong>Livius</strong></span> <span class='ocrx_word' id='word_1_37' title='bbox 616 833 791 897; x_wconf 89' lang='lat' dir='ltr'><strong>Romanum</strong></span> <span class='ocrx_word' id='word_1_38' title='bbox 824 831 991 915; x_wconf 89' lang='lat' dir='ltr'><strong>imperium</strong></span> <span class='ocrx_word' id='word_1_39' title='bbox 1020 832 1059 897; x_wconf 89' lang='lat' dir='ltr'><strong>ab</strong></span> <span class='ocrx_word' id='word_1_40' title='bbox 1087 834 1261 901; x_wconf 90' lang='lat' dir='ltr'><strong>Alexandro</strong></span> 
     </span>
     <span class='ocr_line' id='line_1_6' title="bbox 139 936 1260 1024; baseline 0.001 -18"><span class='ocrx_word' id='word_1_41' title='bbox 139 957 297 1024; x_wconf 86' lang='lat' dir='ltr'><strong>uunquam</strong></span> <span class='ocrx_word' id='word_1_42' title='bbox 321 937 403 1003; x_wconf 78' lang='lat' dir='ltr'><strong>vinci</strong></span> <span class='ocrx_word' id='word_1_43' title='bbox 426 937 577 1020; x_wconf 87' lang='lat' dir='ltr'><strong>poluisse,</strong></span> <span class='ocrx_word' id='word_1_44' title='bbox 600 955 785 1022; x_wconf 87' lang='lat' dir='ltr'><strong>quamquam</strong></span> <span class='ocrx_word' id='word_1_45' title='bbox 812 936 955 1003; x_wconf 88' lang='lat' dir='ltr'><strong>concedit</strong></span> <span class='ocrx_word' id='word_1_46' title='bbox 978 938 1184 1005; x_wconf 76' lang='lat' dir='ltr'><strong>Alexandrum</strong></span> <span class='ocrx_word' id='word_1_47' title='bbox 1208 960 1260 1007; x_wconf 89' lang='lat' dir='ltr'><strong>ex·</strong></span> 
     </span>
     <span class='ocr_line' id='line_1_7' title="bbox 140 1043 1260 1126; baseline 0 -14"><span class='ocrx_word' id='word_1_48' title='bbox 140 1046 307 1112; x_wconf 85' lang='lat' dir='ltr'><strong>callentem</strong></span> <span class='ocrx_word' id='word_1_49' title='bbox 326 1043 420 1109; x_wconf 89' lang='lat' dir='ltr'><strong>fuisse</strong></span> <span class='ocrx_word' id='word_1_50' title='bbox 437 1043 561 1126; x_wconf 88' lang='lat' dir='ltr'><strong>duoem;</strong></span> <span class='ocrx_word' id='word_1_51' title='bbox 577 1043 628 1108; x_wconf 90' lang='lat' dir='ltr'><strong>sed</strong></span> <span class='ocrx_word' id='word_1_52' title='bbox 641 1043 800 1109; x_wconf 86' lang='lat' dir='ltr'><strong>clariorem</strong></span> <span class='ocrx_word' id='word_1_53' title='bbox 812 1062 883 1109; x_wconf 89' lang='lat' dir='ltr'><strong>eum</strong></span> <span class='ocrx_word' id='word_1_54' title='bbox 895 1044 1003 1109; x_wconf 87' lang='lat' dir='ltr'><strong>fecisse</strong></span> <span class='ocrx_word' id='word_1_55' title='bbox 1014 1044 1178 1125; x_wconf 88' lang='lat' dir='ltr'><strong>fortunam,</strong></span> <span class='ocrx_word' id='word_1_56' title='bbox 1190 1066 1260 1112; x_wconf 91' lang='lat' dir='ltr'><strong>cnm</strong></span> 
     </span>
     <span class='ocr_line' id='line_1_8' title="bbox 141 1149 1262 1233; baseline -0.001 -14"><span class='ocrx_word' id='word_1_57' title='bbox 141 1152 322 1219; x_wconf 72' lang='lat' dir='ltr'>adulescens</span> <span class='ocrx_word' id='word_1_58' title='bbox 343 1153 482 1216; x_wconf 89' lang='lat' dir='ltr'><strong>mortuus</strong></span> <span class='ocrx_word' id='word_1_59' title='bbox 505 1150 556 1225; x_wconf 91' lang='lat' dir='ltr'><strong>sit,</strong></span> <span class='ocrx_word' id='word_1_60' title='bbox 580 1150 758 1233; x_wconf 78' lang='lat' dir='ltr'>priusquam</span> <span class='ocrx_word' id='word_1_61' title='bbox 776 1149 918 1216; x_wconf 86' lang='lat' dir='ltr'><strong>adversae</strong></span> <span class='ocrx_word' id='word_1_62' title='bbox 940 1150 1081 1217; x_wconf 78' lang='lat' dir='ltr'><strong>fortunae</strong></span> <span class='ocrx_word' id='word_1_63' title='bbox 1103 1152 1262 1218; x_wconf 68' lang='lat' dir='ltr'><strong>verabili-</strong></span> 
     </span>
     <span class='ocr_line' id='line_1_9' title="bbox 142 1256 1262 1340; baseline -0.001 -15"><span class='ocrx_word' id='word_1_64' title='bbox 142 1261 242 1325; x_wconf 87' lang='lat' dir='ltr'><strong>tatem</strong></span> <span class='ocrx_word' id='word_1_65' title='bbox 258 1260 400 1340; x_wconf 90' lang='lat' dir='ltr'><strong>expertus</strong></span> <span class='ocrx_word' id='word_1_66' title='bbox 414 1257 464 1322; x_wconf 90' lang='lat' dir='ltr'><strong>sit.</strong></span> <span class='ocrx_word' id='word_1_67' title='bbox 497 1257 651 1323; x_wconf 54' lang='lat' dir='ltr'><strong>&amp;manoe</strong></span> <span class='ocrx_word' id='word_1_68' title='bbox 665 1256 750 1322; x_wconf 73' lang='lat' dir='ltr'><strong>durh</strong></span> <span class='ocrx_word' id='word_1_69' title='bbox 766 1260 797 1320; x_wconf 86' lang='lat' dir='ltr'><strong>et</strong></span> <span class='ocrx_word' id='word_1_70' title='bbox 819 1256 920 1340; x_wconf 87' lang='lat' dir='ltr'><strong>longis</strong></span> <span class='ocrx_word' id='word_1_71' title='bbox 942 1257 1035 1322; x_wconf 90' lang='lat' dir='ltr'><strong>bellis</strong></span> <span class='ocrx_word' id='word_1_72' title='bbox 1056 1259 1262 1324; x_wconf 85' lang='lat' dir='ltr'><strong>corroboratos</strong></span> 
     </span>
     <span class='ocr_line' id='line_1_10' title="bbox 142 1362 1263 1446; baseline -0.001 -16"><span class='ocrx_word' id='word_1_73' title='bbox 142 1365 239 1431; x_wconf 88' lang='lat' dir='ltr'><strong>etiam</strong></span> <span class='ocrx_word' id='word_1_74' title='bbox 265 1362 433 1428; x_wconf 82' lang='lat' dir='ltr'><strong>Alexandri</strong></span> <span class='ocrx_word' id='word_1_75' title='bbox 456 1362 519 1428; x_wconf 84' lang='lat' dir='ltr'><strong>rim</strong></span> <span class='ocrx_word' id='word_1_76' title='bbox 542 1363 689 1446; x_wconf 90' lang='lat' dir='ltr'><strong>repellere</strong></span> <span class='ocrx_word' id='word_1_77' title='bbox 712 1363 858 1446; x_wconf 86' lang='lat' dir='ltr'><strong>potuisse.</strong></span> <span class='ocrx_word' id='word_1_78' title='bbox 903 1364 1040 1446; x_wconf 79' lang='lat' dir='ltr'><strong>Apparet</strong></span> <span class='ocrx_word' id='word_1_79' title='bbox 1062 1362 1186 1429; x_wconf 83' lang='lat' dir='ltr'><strong>Livium</strong></span> <span class='ocrx_word' id='word_1_80' title='bbox 1210 1365 1263 1430; x_wconf 93' lang='lat' dir='ltr'><strong>hic</strong></span> 
     </span>
     <span class='ocr_line' id='line_1_11' title="bbox 142 1468 1264 1552; baseline 0 -16"><span class='ocrx_word' id='word_1_81' title='bbox 142 1471 292 1536; x_wconf 91' lang='lat' dir='ltr'><strong>iniustam</strong></span> <span class='ocrx_word' id='word_1_82' title='bbox 321 1469 439 1552; x_wconf 85' lang='lat' dir='ltr'><strong>aperire</strong></span> <span class='ocrx_word' id='word_1_83' title='bbox 462 1468 499 1533; x_wconf 90' lang='lat' dir='ltr'><strong>de</strong></span> <span class='ocrx_word' id='word_1_84' title='bbox 521 1468 695 1534; x_wconf 91' lang='lat' dir='ltr'><strong>Alexandro</strong></span> <span class='ocrx_word' id='word_1_85' title='bbox 725 1469 928 1546; x_wconf 75' lang='lat' dir='ltr'><strong>sententiam,</strong></span> <span class='ocrx_word' id='word_1_86' title='bbox 951 1487 1021 1533; x_wconf 89' lang='lat' dir='ltr'><strong>cum</strong></span> <span class='ocrx_word' id='word_1_87' title='bbox 1045 1488 1105 1534; x_wconf 93' lang='lat' dir='ltr'><strong>non</strong></span> <span class='ocrx_word' id='word_1_88' title='bbox 1128 1471 1194 1535; x_wconf 87' lang='lat' dir='ltr'><strong>sine</strong></span> <span class='ocrx_word' id='word_1_89' title='bbox 1217 1470 1264 1536; x_wconf 82' lang='lat' dir='ltr'><strong>irs</strong></span> 
     </span>
     <span class='ocr_line' id='line_1_12' title="bbox 142 1573 1263 1660; baseline -0.001 -17"><span class='ocrx_word' id='word_1_90' title='bbox 142 1580 176 1643; x_wconf 88' lang='lat' dir='ltr'><strong>et</strong></span> <span class='ocrx_word' id='word_1_91' title='bbox 198 1576 382 1643; x_wconf 80' lang='lat' dir='ltr'><strong>studiorum</strong></span> <span class='ocrx_word' id='word_1_92' title='bbox 407 1575 584 1640; x_wconf 90' lang='lat' dir='ltr'><strong>consideret</strong></span> <span class='ocrx_word' id='word_1_93' title='bbox 616 1573 756 1640; x_wconf 88' lang='lat' dir='ltr'><strong>Statuere</strong></span> <span class='ocrx_word' id='word_1_94' title='bbox 779 1593 939 1657; x_wconf 89' lang='lat' dir='ltr'><strong>possumus</strong></span> <span class='ocrx_word' id='word_1_95' title='bbox 960 1574 1039 1639; x_wconf 92' lang='lat' dir='ltr'><strong>hanc</strong></span> <span class='ocrx_word' id='word_1_96' title='bbox 1054 1576 1263 1660; x_wconf 87' lang='lat' dir='ltr'><strong>quaestionem</strong></span> 
     </span>
     <span class='ocr_line' id='line_1_13' title="bbox 142 1680 1265 1759; baseline -0.001 -9"><span class='ocrx_word' id='word_1_97' title='bbox 142 1683 240 1750; x_wconf 89' lang='lat' dir='ltr'><strong>etiam</strong></span> <span class='ocrx_word' id='word_1_98' title='bbox 262 1686 402 1748; x_wconf 79' lang='lat' dir='ltr'><strong>auctores</strong></span> <span class='ocrx_word' id='word_1_99' title='bbox 422 1681 505 1746; x_wconf 85' lang='lat' dir='ltr'><strong>hirii</strong></span> <span class='ocrx_word' id='word_1_100' title='bbox 528 1684 682 1747; x_wconf 78' lang='lat' dir='ltr'><strong>hactasse.</strong></span> <span class='ocrx_word' id='word_1_101' title='bbox 728 1680 796 1747; x_wconf 87' lang='lat' dir='ltr'><strong>Nec</strong></span> <span class='ocrx_word' id='word_1_102' title='bbox 818 1682 879 1747; x_wconf 91' lang='lat' dir='ltr'><strong>erit</strong></span> <span class='ocrx_word' id='word_1_103' title='bbox 900 1681 1022 1759; x_wconf 88' lang='lat' dir='ltr'><strong>falsum,</strong></span> <span class='ocrx_word' id='word_1_104' title='bbox 1045 1682 1072 1746; x_wconf 91' lang='lat' dir='ltr'><strong>si</strong></span> <span class='ocrx_word' id='word_1_105' title='bbox 1095 1683 1265 1749; x_wconf 79' lang='lat' dir='ltr'><strong>conicimus</strong></span> 
     </span>
     <span class='ocr_line' id='line_1_14' title="bbox 144 1787 1263 1872; baseline -0.002 -16"><span class='ocrx_word' id='word_1_106' title='bbox 144 1791 182 1856; x_wconf 93' lang='lat' dir='ltr'><strong>de</strong></span> <span class='ocrx_word' id='word_1_107' title='bbox 205 1791 264 1854; x_wconf 85' lang='lat' dir='ltr'><strong>hac</strong></span> <span class='ocrx_word' id='word_1_108' title='bbox 285 1787 437 1870; x_wconf 85' lang='lat' dir='ltr'><strong>sophistas</strong></span> <span class='ocrx_word' id='word_1_109' title='bbox 458 1807 576 1872; x_wconf 87' lang='lat' dir='ltr'><strong>quoque</strong></span> <span class='ocrx_word' id='word_1_110' title='bbox 599 1790 632 1852; x_wconf 93' lang='lat' dir='ltr'><strong>in</strong></span> <span class='ocrx_word' id='word_1_111' title='bbox 655 1787 769 1853; x_wconf 90' lang='lat' dir='ltr'><strong>scholis</strong></span> <span class='ocrx_word' id='word_1_112' title='bbox 790 1806 845 1870; x_wconf 89' lang='lat' dir='ltr'><strong>pro</strong></span> <span class='ocrx_word' id='word_1_113' title='bbox 868 1789 1028 1854; x_wconf 80' lang='lat' dir='ltr'><strong>utcontra</strong></span> <span class='ocrx_word' id='word_1_114' title='bbox 1050 1788 1167 1853; x_wconf 90' lang='lat' dir='ltr'><strong>locutos</strong></span> <span class='ocrx_word' id='word_1_115' title='bbox 1190 1808 1263 1866; x_wconf 90' lang='lat' dir='ltr'><strong>esse,</strong></span> 
     </span>
     <span class='ocr_line' id='line_1_15' title="bbox 143 1893 1264 1978; baseline -0.002 -16"><span class='ocrx_word' id='word_1_116' title='bbox 143 1898 191 1962; x_wconf 87' lang='lat' dir='ltr'><strong>itu</strong></span> <span class='ocrx_word' id='word_1_117' title='bbox 213 1898 250 1961; x_wconf 91' lang='lat' dir='ltr'><strong>ut</strong></span> <span class='ocrx_word' id='word_1_118' title='bbox 271 1898 394 1978; x_wconf 90' lang='lat' dir='ltr'><strong>propter</strong></span> <span class='ocrx_word' id='word_1_119' title='bbox 416 1893 653 1960; x_wconf 86' lang='lat' dir='ltr'><strong>controversiam</strong></span> <span class='ocrx_word' id='word_1_120' title='bbox 676 1893 715 1959; x_wconf 90' lang='lat' dir='ltr'><strong>ad</strong></span> <span class='ocrx_word' id='word_1_121' title='bbox 744 1893 961 1977; x_wconf 86' lang='lat' dir='ltr'><strong>disputandum</strong></span> <span class='ocrx_word' id='word_1_122' title='bbox 985 1893 1175 1976; x_wconf 81' lang='lat' dir='ltr'><strong>aptissimam</strong></span> <span class='ocrx_word' id='word_1_123' title='bbox 1197 1913 1264 1960; x_wconf 87' lang='lat' dir='ltr'><strong>sae·</strong></span> 
     </span>
     <span class='ocr_line' id='line_1_16' title="bbox 142 2000 1263 2086; baseline -0.001 -18"><span class='ocrx_word' id='word_1_124' title='bbox 142 2004 215 2086; x_wconf 90' lang='lat' dir='ltr'><strong>pius</strong></span> <span class='ocrx_word' id='word_1_125' title='bbox 230 2001 449 2084; x_wconf 90' lang='lat' dir='ltr'><strong>discipulorum</strong></span> <span class='ocrx_word' id='word_1_126' title='bbox 463 2000 722 2066; x_wconf 88' lang='lat' dir='ltr'><strong>declamationum</strong></span> <span class='ocrx_word' id='word_1_127' title='bbox 737 2003 955 2083; x_wconf 82' lang='lat' dir='ltr'><strong>argumentum</strong></span> <span class='ocrx_word' id='word_1_128' title='bbox 970 2000 1073 2065; x_wconf 86' lang='lat' dir='ltr'><strong>fuerit</strong></span> <span class='ocrx_word' id='word_1_129' title='bbox 1104 2000 1263 2067; x_wconf 87' lang='lat' dir='ltr'><strong>Plutarchi</strong></span> 
     </span>
     <span class='ocr_line' id='line_1_17' title="bbox 143 2105 1266 2193; baseline -0.002 -18"><span class='ocrx_word' id='word_1_130' title='bbox 143 2127 266 2193; x_wconf 88' lang='lat' dir='ltr'><strong>quoque</strong></span> <span class='ocrx_word' id='word_1_131' title='bbox 294 2106 467 2172; x_wconf 89' lang='lat' dir='ltr'><strong>dissertatio</strong></span> <span class='ocrx_word' id='word_1_132' title='bbox 495 2106 577 2171; x_wconf 89' lang='lat' dir='ltr'><strong>nihil</strong></span> <span class='ocrx_word' id='word_1_133' title='bbox 602 2105 687 2172; x_wconf 88' lang='lat' dir='ltr'><strong>alind</strong></span> <span class='ocrx_word' id='word_1_134' title='bbox 715 2110 762 2174; x_wconf 87' lang='lat' dir='ltr'><strong>est</strong></span> <span class='ocrx_word' id='word_1_135' title='bbox 788 2125 880 2190; x_wconf 91' lang='lat' dir='ltr'><strong>quam</strong></span> <span class='ocrx_word' id='word_1_136' title='bbox 907 2106 1057 2172; x_wconf 91' lang='lat' dir='ltr'><strong>eiusmodi</strong></span> <span class='ocrx_word' id='word_1_137' title='bbox 1084 2107 1266 2174; x_wconf 89' lang='lat' dir='ltr'><strong>scholastica</strong></span> 
     </span>
     <span class='ocr_line' id='line_1_18' title="bbox 144 2212 1226 2296; baseline -0.004 -15"><span class='ocrx_word' id='word_1_138' title='bbox 144 2214 346 2291; x_wconf 84' lang='lat' dir='ltr'><strong>declamatio;</strong></span> <span class='ocrx_word' id='word_1_139' title='bbox 369 2212 422 2279; x_wconf 90' lang='lat' dir='ltr'><strong>sed</strong></span> <span class='ocrx_word' id='word_1_140' title='bbox 444 2212 612 2291; x_wconf 82' lang='lat' dir='ltr'><strong>rideamus,</strong></span> <span class='ocrx_word' id='word_1_141' title='bbox 635 2213 785 2296; x_wconf 84' lang='lat' dir='ltr'><strong>quomodo</strong></span> <span class='ocrx_word' id='word_1_142' title='bbox 809 2212 995 2277; x_wconf 83' lang='lat' dir='ltr'><strong>Plutarchus</strong></span> <span class='ocrx_word' id='word_1_143' title='bbox 1017 2231 1081 2277; x_wconf 88' lang='lat' dir='ltr'><strong>rem</strong></span> <span class='ocrx_word' id='word_1_144' title='bbox 1105 2214 1226 2278; x_wconf 66' lang='lat' dir='ltr'><strong>trecht.</strong></span> 
     </span>
     <span class='ocr_line' id='line_1_19' title="bbox 215 2317 1266 2401; baseline -0.001 -15"><span class='ocrx_word' id='word_1_145' title='bbox 215 2322 365 2386; x_wconf 76' lang='lat' dir='ltr'><strong>Fortunae</strong></span> <span class='ocrx_word' id='word_1_146' title='bbox 399 2318 492 2384; x_wconf 87' lang='lat' dir='ltr'><strong>etiam</strong></span> <span class='ocrx_word' id='word_1_147' title='bbox 524 2318 563 2383; x_wconf 93' lang='lat' dir='ltr'><strong>ad</strong></span> <span class='ocrx_word' id='word_1_148' title='bbox 577 2317 758 2384; x_wconf 83' lang='lat' dir='ltr'><strong>Alexandri</strong></span> <span class='ocrx_word' id='word_1_149' title='bbox 788 2318 895 2401; x_wconf 86' lang='lat' dir='ltr'><strong>magni</strong></span> <span class='ocrx_word' id='word_1_150' title='bbox 923 2317 1005 2382; x_wconf 89' lang='lat' dir='ltr'><strong>facta</strong></span> <span class='ocrx_word' id='word_1_151' title='bbox 1034 2317 1204 2400; x_wconf 89' lang='lat' dir='ltr'><strong>plurimum</strong></span> <span class='ocrx_word' id='word_1_152' title='bbox 1233 2338 1266 2385; x_wconf 90' lang='lat' dir='ltr'><strong>se</strong></span> 
     </span>
     <span class='ocr_line' id='line_1_20' title="bbox 145 2422 1266 2507; baseline -0.002 -14"><span class='ocrx_word' id='word_1_153' title='bbox 145 2427 313 2494; x_wconf 88' lang='lat' dir='ltr'><strong>contulisse</strong></span> <span class='ocrx_word' id='word_1_154' title='bbox 327 2424 540 2491; x_wconf 90' lang='lat' dir='ltr'><strong>contendentis</strong></span> <span class='ocrx_word' id='word_1_155' title='bbox 562 2444 598 2490; x_wconf 90' lang='lat' dir='ltr'><strong>ac</strong></span> <span class='ocrx_word' id='word_1_156' title='bbox 621 2423 814 2491; x_wconf 89' lang='lat' dir='ltr'><strong>defendentis</strong></span> <span class='ocrx_word' id='word_1_157' title='bbox 834 2422 1040 2507; x_wconf 88' lang='lat' dir='ltr'><strong>arrogantiam</strong></span> <span class='ocrx_word' id='word_1_158' title='bbox 1055 2423 1266 2491; x_wconf 86' lang='lat' dir='ltr'><strong>Alexandrum</strong></span> 
     </span>
     <span class='ocr_line' id='line_1_21' title="bbox 145 2530 1268 2618; baseline -0.004 -18"><span class='ocrx_word' id='word_1_159' title='bbox 145 2536 247 2618; x_wconf 91' lang='lat' dir='ltr'><strong>ipsum</strong></span> <span class='ocrx_word' id='word_1_160' title='bbox 263 2533 455 2598; x_wconf 83' lang='lat' dir='ltr'><strong>refellentem</strong></span> <span class='ocrx_word' id='word_1_161' title='bbox 472 2533 505 2596; x_wconf 88' lang='lat' dir='ltr'><strong>et</strong></span> <span class='ocrx_word' id='word_1_162' title='bbox 519 2531 754 2614; x_wconf 88' lang='lat' dir='ltr'><strong>redarguentem</strong></span> <span class='ocrx_word' id='word_1_163' title='bbox 775 2530 860 2608; x_wconf 86' lang='lat' dir='ltr'><strong>facit,</strong></span> <span class='ocrx_word' id='word_1_164' title='bbox 884 2531 1116 2609; x_wconf 84' lang='lat' dir='ltr'><strong>monstrantem,</strong></span> <span class='ocrx_word' id='word_1_165' title='bbox 1139 2533 1268 2615; x_wconf 66' lang='lat' dir='ltr'><strong>quantae</strong></span> 
     </span>
     <span class='ocr_line' id='line_1_22' title="bbox 145 2635 1268 2724; baseline -0.003 -19"><span class='ocrx_word' id='word_1_166' title='bbox 145 2659 183 2705; x_wconf 93' lang='lat' dir='ltr'><strong>ac</strong></span> <span class='ocrx_word' id='word_1_167' title='bbox 205 2659 296 2724; x_wconf 90' lang='lat' dir='ltr'><strong>quam</strong></span> <span class='ocrx_word' id='word_1_168' title='bbox 319 2639 433 2704; x_wconf 87' lang='lat' dir='ltr'><strong>multas</strong></span> <span class='ocrx_word' id='word_1_169' title='bbox 447 2636 647 2702; x_wconf 87' lang='lat' dir='ltr'><strong>difficultates</strong></span> <span class='ocrx_word' id='word_1_170' title='bbox 666 2638 855 2720; x_wconf 87' lang='lat' dir='ltr'><strong>superaverit</strong></span> <span class='ocrx_word' id='word_1_171' title='bbox 876 2635 1000 2702; x_wconf 90' lang='lat' dir='ltr'><strong>fortuna</strong></span> <span class='ocrx_word' id='word_1_172' title='bbox 1022 2635 1122 2720; x_wconf 86' lang='lat' dir='ltr'><strong>magis</strong></span> <span class='ocrx_word' id='word_1_173' title='bbox 1144 2636 1268 2702; x_wconf 85' lang='lat' dir='ltr'><strong>advorsa</strong></span> 
     </span>
     <span class='ocr_line' id='line_1_23' title="bbox 146 2740 1267 2828; baseline -0.004 -15"><span class='ocrx_word' id='word_1_174' title='bbox 146 2749 180 2813; x_wconf 90' lang='lat' dir='ltr'><strong>ot</strong></span> <span class='ocrx_word' id='word_1_175' title='bbox 215 2743 399 2827; x_wconf 88' lang='lat' dir='ltr'><strong>impediente</strong></span> <span class='ocrx_word' id='word_1_176' title='bbox 434 2762 525 2828; x_wconf 85' lang='lat' dir='ltr'><strong>quam</strong></span> <span class='ocrx_word' id='word_1_177' title='bbox 559 2743 680 2809; x_wconf 84' lang='lat' dir='ltr'><strong>fauente</strong></span> <span class='ocrx_word' id='word_1_178' title='bbox 714 2761 751 2808; x_wconf 88' lang='lat' dir='ltr'><strong>ac</strong></span> <span class='ocrx_word' id='word_1_179' title='bbox 789 2740 928 2808; x_wconf 90' lang='lat' dir='ltr'><strong>secunda.</strong></span> <span class='ocrx_word' id='word_1_180' title='bbox 987 2741 1072 2822; x_wconf 82' lang='lat' dir='ltr'><strong>Quae</strong></span> <span class='ocrx_word' id='word_1_181' title='bbox 1106 2742 1196 2821; x_wconf 90' lang='lat' dir='ltr'><strong>fecit,</strong></span> <span class='ocrx_word' id='word_1_182' title='bbox 1232 2761 1267 2808; x_wconf 90' lang='lat' dir='ltr'><strong>ea</strong></span> 
     </span>
     <span class='ocr_line' id='line_1_24' title="bbox 145 2848 1237 2934; baseline -0.004 -16"><span class='ocrx_word' id='word_1_183' title='bbox 145 2851 317 2919; x_wconf 86' lang='lat' dir='ltr'><strong>virtutibus</strong></span> <span class='ocrx_word' id='word_1_184' title='bbox 350 2850 498 2934; x_wconf 92' lang='lat' dir='ltr'><strong>propriis,</strong></span> <span class='ocrx_word' id='word_1_185' title='bbox 532 2850 805 2933; x_wconf 85' lang='lat' dir='ltr'><strong>magnanimitate,</strong></span> <span class='ocrx_word' id='word_1_186' title='bbox 841 2848 1018 2931; x_wconf 85' lang='lat' dir='ltr'><strong>prudentia,</strong></span> <span class='ocrx_word' id='word_1_187' title='bbox 1055 2849 1237 2931; x_wconf 83' lang='lat' dir='ltr'><strong>temperant‘</strong></span> 
     </span>
     <span class='ocr_line' id='line_1_25' title="bbox 145 2953 1269 3041; baseline -0.004 -16"><span class='ocrx_word' id='word_1_188' title='bbox 145 2957 330 3025; x_wconf 87' lang='lat' dir='ltr'><strong>fortitudine</strong></span> <span class='ocrx_word' id='word_1_189' title='bbox 358 2956 496 3041; x_wconf 83' lang='lat' dir='ltr'><strong>perfecit</strong></span> <span class='ocrx_word' id='word_1_190' title='bbox 549 2956 620 3021; x_wconf 85' lang='lat' dir='ltr'><strong>Non</strong></span> <span class='ocrx_word' id='word_1_191' title='bbox 653 2956 773 3021; x_wconf 88' lang='lat' dir='ltr'><strong>alienae</strong></span> <span class='ocrx_word' id='word_1_192' title='bbox 806 2954 885 3021; x_wconf 86' lang='lat' dir='ltr'><strong>vires</strong></span> <span class='ocrx_word' id='word_1_193' title='bbox 919 2973 990 3019; x_wconf 92' lang='lat' dir='ltr'><strong>eum</strong></span> <span class='ocrx_word' id='word_1_194' title='bbox 1020 2953 1203 3020; x_wconf 81' lang='lat' dir='ltr'><strong>adiuverunt</strong></span> <span class='ocrx_word' id='word_1_195' title='bbox 1236 2957 1269 3021; x_wconf 91' lang='lat' dir='ltr'><strong>et</strong></span> 
     </span>
     <span class='ocr_line' id='line_1_26' title="bbox 145 3059 1269 3144; baseline -0.004 -13"><span class='ocrx_word' id='word_1_196' title='bbox 145 3066 306 3142; x_wconf 89' lang='lat' dir='ltr'><strong>auxerunt,</strong></span> <span class='ocrx_word' id='word_1_197' title='bbox 324 3062 376 3128; x_wconf 87' lang='lat' dir='ltr'><strong>sed</strong></span> <span class='ocrx_word' id='word_1_198' title='bbox 390 3062 489 3128; x_wconf 88' lang='lat' dir='ltr'><strong>animi</strong></span> <span class='ocrx_word' id='word_1_199' title='bbox 513 3062 630 3128; x_wconf 85' lang='lat' dir='ltr'><strong>virtute</strong></span> <span class='ocrx_word' id='word_1_200' title='bbox 653 3066 686 3127; x_wconf 92' lang='lat' dir='ltr'><strong>et</strong></span> <span class='ocrx_word' id='word_1_201' title='bbox 708 3061 905 3144; x_wconf 86' lang='lat' dir='ltr'><strong>praestantia,</strong></span> <span class='ocrx_word' id='word_1_202' title='bbox 928 3061 961 3125; x_wconf 93' lang='lat' dir='ltr'><strong>in</strong></span> <span class='ocrx_word' id='word_1_203' title='bbox 976 3059 1088 3142; x_wconf 89' lang='lat' dir='ltr'><strong>primis</strong></span> <span class='ocrx_word' id='word_1_204' title='bbox 1102 3079 1172 3125; x_wconf 84' lang='lat' dir='ltr'><strong>vero</strong></span> <span class='ocrx_word' id='word_1_205' title='bbox 1195 3060 1269 3126; x_wconf 90' lang='lat' dir='ltr'><strong>sub-</strong></span> 
     </span>
     <span class='ocr_line' id='line_1_27' title="bbox 147 3165 1269 3253; baseline -0.004 -16"><span class='ocrx_word' id='word_1_206' title='bbox 147 3171 251 3237; x_wconf 90' lang='lat' dir='ltr'><strong>tiliore</strong></span> <span class='ocrx_word' id='word_1_207' title='bbox 279 3172 313 3236; x_wconf 90' lang='lat' dir='ltr'><strong>et</strong></span> <span class='ocrx_word' id='word_1_208' title='bbox 340 3170 484 3253; x_wconf 90' lang='lat' dir='ltr'><strong>politiore</strong></span> <span class='ocrx_word' id='word_1_209' title='bbox 516 3166 655 3234; x_wconf 91' lang='lat' dir='ltr'><strong>doctrina</strong></span> <span class='ocrx_word' id='word_1_210' title='bbox 686 3171 719 3233; x_wconf 92' lang='lat' dir='ltr'><strong>et</strong></span> <span class='ocrx_word' id='word_1_211' title='bbox 745 3167 939 3233; x_wconf 88' lang='lat' dir='ltr'><strong>humanitate</strong></span> <span class='ocrx_word' id='word_1_212' title='bbox 967 3171 1032 3231; x_wconf 89' lang='lat' dir='ltr'><strong>tarn</strong></span> <span class='ocrx_word' id='word_1_213' title='bbox 1062 3165 1199 3249; x_wconf 86' lang='lat' dir='ltr'><strong>egregias</strong></span> <span class='ocrx_word' id='word_1_214' title='bbox 1220 3185 1269 3232; x_wconf 91' lang='lat' dir='ltr'><strong>res</strong></span> 
     </span>
     <span class='ocr_line' id='line_1_28' title="bbox 147 3271 1269 3361; baseline -0.004 -19"><span class='ocrx_word' id='word_1_215' title='bbox 147 3276 284 3361; x_wconf 84' lang='lat' dir='ltr'><strong>talesque</strong></span> <span class='ocrx_word' id='word_1_216' title='bbox 307 3293 462 3341; x_wconf 87' lang='lat' dir='ltr'><strong>successus</strong></span> <span class='ocrx_word' id='word_1_217' title='bbox 483 3278 661 3358; x_wconf 87' lang='lat' dir='ltr'><strong>persecutus</strong></span> <span class='ocrx_word' id='word_1_218' title='bbox 690 3276 752 3352; x_wconf 87' lang='lat' dir='ltr'><strong>est,</strong></span> <span class='ocrx_word' id='word_1_219' title='bbox 781 3275 828 3339; x_wconf 88' lang='lat' dir='ltr'><strong>ita</strong></span> <span class='ocrx_word' id='word_1_220' title='bbox 857 3275 894 3339; x_wconf 91' lang='lat' dir='ltr'><strong>ut</strong></span> <span class='ocrx_word' id='word_1_221' title='bbox 919 3272 990 3355; x_wconf 90' lang='lat' dir='ltr'><strong>plus</strong></span> <span class='ocrx_word' id='word_1_222' title='bbox 1015 3271 1178 3337; x_wconf 90' lang='lat' dir='ltr'><strong>Aristoteli</strong></span> <span class='ocrx_word' id='word_1_223' title='bbox 1202 3292 1269 3338; x_wconf 89' lang='lat' dir='ltr'><strong>ma·</strong></span> 
     </span>
     <span class='ocr_line' id='line_1_29' title="bbox 148 3378 1270 3467; baseline -0.003 -19"><span class='ocrx_word' id='word_1_224' title='bbox 148 3382 246 3467; x_wconf 87' lang='lat' dir='ltr'><strong>gistro</strong></span> <span class='ocrx_word' id='word_1_225' title='bbox 260 3401 353 3466; x_wconf 88' lang='lat' dir='ltr'><strong>quam</strong></span> <span class='ocrx_word' id='word_1_226' title='bbox 369 3381 516 3464; x_wconf 90' lang='lat' dir='ltr'><strong>Philippo</strong></span> <span class='ocrx_word' id='word_1_227' title='bbox 530 3380 612 3463; x_wconf 89' lang='lat' dir='ltr'><strong>patri</strong></span> <span class='ocrx_word' id='word_1_228' title='bbox 628 3380 767 3446; x_wconf 90' lang='lat' dir='ltr'><strong>debuisse</strong></span> <span class='ocrx_word' id='word_1_229' title='bbox 790 3380 939 3445; x_wconf 86' lang='lat' dir='ltr'><strong>videatur.</strong></span> <span class='ocrx_word' id='word_1_230' title='bbox 969 3379 1014 3443; x_wconf 81' lang='lat' dir='ltr'><strong>Ex</strong></span> <span class='ocrx_word' id='word_1_231' title='bbox 1038 3379 1180 3443; x_wconf 90' lang='lat' dir='ltr'><strong>omnibus</strong></span> <span class='ocrx_word' id='word_1_232' title='bbox 1203 3378 1270 3445; x_wconf 88' lang='lat' dir='ltr'><strong>eius</strong></span> 
     </span>
     <span class='ocr_line' id='line_1_30' title="bbox 149 3483 1271 3571; baseline -0.002 -17"><span class='ocrx_word' id='word_1_233' title='bbox 149 3488 243 3555; x_wconf 88' lang='lat' dir='ltr'><strong>dictis</strong></span> <span class='ocrx_word' id='word_1_234' title='bbox 266 3491 298 3554; x_wconf 92' lang='lat' dir='ltr'><strong>et</strong></span> <span class='ocrx_word' id='word_1_235' title='bbox 326 3488 417 3554; x_wconf 90' lang='lat' dir='ltr'><strong>factis</strong></span> <span class='ocrx_word' id='word_1_236' title='bbox 439 3488 653 3571; x_wconf 90' lang='lat' dir='ltr'><strong>philosophum</strong></span> <span class='ocrx_word' id='word_1_237' title='bbox 676 3487 771 3552; x_wconf 88' lang='lat' dir='ltr'><strong>fuisse</strong></span> <span class='ocrx_word' id='word_1_238' title='bbox 793 3487 934 3568; x_wconf 88' lang='lat' dir='ltr'><strong>apparet,</strong></span> <span class='ocrx_word' id='word_1_239' title='bbox 957 3483 1010 3550; x_wconf 91' lang='lat' dir='ltr'><strong>sed</strong></span> <span class='ocrx_word' id='word_1_240' title='bbox 1033 3497 1181 3568; x_wconf 90' lang='lat' dir='ltr'><strong>magnum</strong></span> <span class='ocrx_word' id='word_1_241' title='bbox 1203 3485 1271 3552; x_wconf 91' lang='lat' dir='ltr'><strong>eius</strong></span> 
     </span>
     <span class='ocr_line' id='line_1_31' title="bbox 149 3589 1271 3678; baseline -0.003 -17"><span class='ocrx_word' id='word_1_242' title='bbox 149 3595 340 3678; x_wconf 88' lang='lat' dir='ltr'><strong>aliorumque</strong></span> <span class='ocrx_word' id='word_1_243' title='bbox 355 3593 604 3677; x_wconf 90' lang='lat' dir='ltr'><strong>philosophorum</strong></span> <span class='ocrx_word' id='word_1_244' title='bbox 620 3592 786 3660; x_wconf 91' lang='lat' dir='ltr'><strong>discrimen</strong></span> <span class='ocrx_word' id='word_1_245' title='bbox 802 3595 835 3658; x_wconf 88' lang='lat' dir='ltr'><strong>et</strong></span> <span class='ocrx_word' id='word_1_246' title='bbox 856 3589 1059 3673; x_wconf 87' lang='lat' dir='ltr'><strong>discrepantia</strong></span> <span class='ocrx_word' id='word_1_247' title='bbox 1073 3591 1106 3656; x_wconf 92' lang='lat' dir='ltr'><strong>in</strong></span> <span class='ocrx_word' id='word_1_248' title='bbox 1122 3610 1158 3656; x_wconf 88' lang='lat' dir='ltr'><strong>eo</strong></span> <span class='ocrx_word' id='word_1_249' title='bbox 1172 3592 1271 3675; x_wconf 87' lang='lat' dir='ltr'><strong>posita</strong></span> 
     </span>
     <span class='ocr_line' id='line_1_32' title="bbox 150 3696 1271 3785; baseline -0.005 -18"><span class='ocrx_word' id='word_1_250' title='bbox 150 3704 213 3780; x_wconf 89' lang='lat' dir='ltr'><strong>est,</strong></span> <span class='ocrx_word' id='word_1_251' title='bbox 242 3700 323 3785; x_wconf 87' lang='lat' dir='ltr'><strong>quod</strong></span> <span class='ocrx_word' id='word_1_252' title='bbox 345 3699 531 3766; x_wconf 80' lang='lat' dir='ltr'><strong>Graecorum</strong></span> <span class='ocrx_word' id='word_1_253' title='bbox 558 3699 660 3765; x_wconf 91' lang='lat' dir='ltr'><strong>studia</strong></span> <span class='ocrx_word' id='word_1_254' title='bbox 688 3702 721 3764; x_wconf 88' lang='lat' dir='ltr'><strong>et</strong></span> <span class='ocrx_word' id='word_1_255' title='bbox 749 3702 832 3764; x_wconf 91' lang='lat' dir='ltr'><strong>artes</strong></span> <span class='ocrx_word' id='word_1_256' title='bbox 859 3696 897 3762; x_wconf 91' lang='lat' dir='ltr'><strong>ad</strong></span> <span class='ocrx_word' id='word_1_257' title='bbox 925 3696 1042 3762; x_wconf 90' lang='lat' dir='ltr'><strong>alienas</strong></span> <span class='ocrx_word' id='word_1_258' title='bbox 1070 3699 1178 3779; x_wconf 87' lang='lat' dir='ltr'><strong>gentes</strong></span> <span class='ocrx_word' id='word_1_259' title='bbox 1201 3698 1271 3762; x_wconf 86' lang='lat' dir='ltr'><strong>bar-</strong></span> 
     </span>
     <span class='ocr_line' id='line_1_33' title="bbox 149 3801 1271 3892; baseline -0.004 -19"><span class='ocrx_word' id='word_1_260' title='bbox 149 3808 296 3892; x_wconf 88' lang='lat' dir='ltr'><strong>barosque</strong></span> <span class='ocrx_word' id='word_1_261' title='bbox 319 3806 493 3873; x_wconf 88' lang='lat' dir='ltr'><strong>deducendo</strong></span> <span class='ocrx_word' id='word_1_262' title='bbox 516 3808 608 3889; x_wconf 89' lang='lat' dir='ltr'><strong>utque</strong></span> <span class='ocrx_word' id='word_1_263' title='bbox 631 3824 682 3871; x_wconf 92' lang='lat' dir='ltr'><strong>eos</strong></span> <span class='ocrx_word' id='word_1_264' title='bbox 703 3823 804 3870; x_wconf 88' lang='lat' dir='ltr'><strong>mores</strong></span> <span class='ocrx_word' id='word_1_265' title='bbox 827 3806 859 3869; x_wconf 92' lang='lat' dir='ltr'><strong>et</strong></span> <span class='ocrx_word' id='word_1_266' title='bbox 884 3803 1110 3869; x_wconf 87' lang='lat' dir='ltr'><strong>humanitatem</strong></span> <span class='ocrx_word' id='word_1_267' title='bbox 1138 3801 1271 3868; x_wconf 88' lang='lat' dir='ltr'><strong>docendo</strong></span> 
     </span>
     <span class='ocr_line' id='line_1_34' title="bbox 151 3908 1271 3996; baseline -0.007 -16"><span class='ocrx_word' id='word_1_268' title='bbox 151 3913 329 3980; x_wconf 85' lang='lat' dir='ltr'><strong>manifestos</strong></span> <span class='ocrx_word' id='word_1_269' title='bbox 350 3932 506 3979; x_wconf 82' lang='lat' dir='ltr'><strong>successus</strong></span> <span class='ocrx_word' id='word_1_270' title='bbox 528 3915 561 3977; x_wconf 90' lang='lat' dir='ltr'><strong>et</strong></span> <span class='ocrx_word' id='word_1_271' title='bbox 574 3930 749 3996; x_wconf 88' lang='lat' dir='ltr'><strong>progressus</strong></span> <span class='ocrx_word' id='word_1_272' title='bbox 772 3910 875 3975; x_wconf 87' lang='lat' dir='ltr'><strong>effecit</strong></span> <span class='ocrx_word' id='word_1_273' title='bbox 897 3912 930 3975; x_wconf 92' lang='lat' dir='ltr'><strong>et</strong></span> <span class='ocrx_word' id='word_1_274' title='bbox 953 3910 985 3974; x_wconf 92' lang='lat' dir='ltr'><strong>in</strong></span> <span class='ocrx_word' id='word_1_275' title='bbox 1008 3910 1108 3974; x_wconf 92' lang='lat' dir='ltr'><strong>lucem</strong></span> <span class='ocrx_word' id='word_1_276' title='bbox 1130 3908 1271 3991; x_wconf 83' lang='lat' dir='ltr'><strong>protulit</strong></span> 
     </span>
     <span class='ocr_line' id='line_1_35' title="bbox 149 4013 1271 4100; baseline -0.006 -14"><span class='ocrx_word' id='word_1_277' title='bbox 149 4020 283 4086; x_wconf 84' lang='lat' dir='ltr'><strong>Graecos</strong></span> <span class='ocrx_word' id='word_1_278' title='bbox 305 4022 337 4086; x_wconf 91' lang='lat' dir='ltr'><strong>et</strong></span> <span class='ocrx_word' id='word_1_279' title='bbox 359 4020 502 4085; x_wconf 83' lang='lat' dir='ltr'><strong>barbaros</strong></span> <span class='ocrx_word' id='word_1_280' title='bbox 524 4019 559 4084; x_wconf 90' lang='lat' dir='ltr'><strong>in</strong></span> <span class='ocrx_word' id='word_1_281' title='bbox 581 4018 673 4084; x_wconf 91' lang='lat' dir='ltr'><strong>nnius</strong></span> <span class='ocrx_word' id='word_1_282' title='bbox 694 4017 799 4100; x_wconf 89' lang='lat' dir='ltr'><strong>populi</strong></span> <span class='ocrx_word' id='word_1_283' title='bbox 828 4016 930 4100; x_wconf 88' lang='lat' dir='ltr'><strong>pacati</strong></span> <span class='ocrx_word' id='word_1_284' title='bbox 958 4033 1067 4096; x_wconf 90' lang='lat' dir='ltr'><strong>corpus</strong></span> <span class='ocrx_word' id='word_1_285' title='bbox 1088 4013 1271 4080; x_wconf 87' lang='lat' dir='ltr'><strong>confundere</strong></span> 
     </span>
     <span class='ocr_line' id='line_1_36' title="bbox 149 4119 1272 4215; baseline -0.01 -21"><span class='ocrx_word' id='word_1_286' title='bbox 149 4127 177 4194; x_wconf 91' lang='lat' dir='ltr'><strong>ci</strong></span> <span class='ocrx_word' id='word_1_287' title='bbox 209 4146 366 4193; x_wconf 90' lang='lat' dir='ltr'><strong>summum</strong></span> <span class='ocrx_word' id='word_1_288' title='bbox 394 4126 583 4209; x_wconf 88' lang='lat' dir='ltr'><strong>propositum</strong></span> <span class='ocrx_word' id='word_1_289' title='bbox 606 4126 687 4215; x_wconf 84' lang='lat' dir='ltr'><strong>erat,</strong></span> <span class='ocrx_word' id='word_1_290' title='bbox 715 4122 796 4206; x_wconf 93' lang='lat' dir='ltr'><strong>quod</strong></span> <span class='ocrx_word' id='word_1_291' title='bbox 818 4122 953 4187; x_wconf 90' lang='lat' dir='ltr'><strong>maxima</strong></span> <span class='ocrx_word' id='word_1_292' title='bbox 974 4120 1075 4204; x_wconf 90' lang='lat' dir='ltr'><strong>gloria</strong></span> <span class='ocrx_word' id='word_1_293' title='bbox 1096 4119 1217 4203; x_wconf 88' lang='lat' dir='ltr'><strong>peregit</strong></span> <span class='ocrx_word' id='word_1_294' title='bbox 1238 4121 1272 4184; x_wconf 88' lang='lat' dir='ltr'><strong>et</strong></span> 
     </span>
     <span class='ocr_line' id='line_1_37' title="bbox 149 4224 1272 4315; baseline -0.01 -15"><span class='ocrx_word' id='word_1_295' title='bbox 149 4235 310 4300; x_wconf 87' lang='lat' dir='ltr'><strong>exsecutus</strong></span> <span class='ocrx_word' id='word_1_296' title='bbox 332 4235 379 4299; x_wconf 87' lang='lat' dir='ltr'><strong>est</strong></span> <span class='ocrx_word' id='word_1_297' title='bbox 401 4251 456 4298; x_wconf 89' lang='lat' dir='ltr'><strong>sua</strong></span> <span class='ocrx_word' id='word_1_298' title='bbox 478 4232 576 4315; x_wconf 90' lang='lat' dir='ltr'><strong>ipsius</strong></span> <span class='ocrx_word' id='word_1_299' title='bbox 590 4232 707 4297; x_wconf 87' lang='lat' dir='ltr'><strong>virtute</strong></span> <span class='ocrx_word' id='word_1_300' title='bbox 730 4247 788 4294; x_wconf 88' lang='lat' dir='ltr'><strong>neo</strong></span> <span class='ocrx_word' id='word_1_301' title='bbox 811 4229 934 4294; x_wconf 87' lang='lat' dir='ltr'><strong>fortuna</strong></span> <span class='ocrx_word' id='word_1_302' title='bbox 948 4226 1120 4292; x_wconf 84' lang='lat' dir='ltr'><strong>adiurante.</strong></span> <span class='ocrx_word' id='word_1_303' title='bbox 1160 4224 1272 4290; x_wconf 91' lang='lat' dir='ltr'><strong>Multis</strong></span> 
     </span>
    </p>
   </div>
   <div class='ocr_carea' id='block_1_2' title="bbox 0 0 1562 4834">
    <p class='ocr_par' dir='ltr' id='par_1_2' title="bbox 0 0 1562 4834">
     <span class='ocr_line' id='line_1_38' title="bbox 0 0 1562 4834; baseline 0 0"><span class='ocrx_word' id='word_1_304' title='bbox 0 0 1562 4834; x_wconf 95' lang='lat' dir='ltr'><strong> </strong></span> 
     </span>
    </p>
   </div>
  </div>
 </body>
</html>
