3084 4834
259 456 455 541 inquirendo,
479 455 553 539 quid
576 457 726 520 senserint
748 457 910 538 scriptores
933 455 969 519 de
992 454 1053 519 diis
1074 474 1110 519 ac
1132 474 1233 519 rerum
1259 458 1380 534 natura,

260 563 491 638 consideremus,
515 579 709 643 exponamus,
731 580 956 645 persequamur,
980 580 1049 625 cum
1070 560 1185 626 talibus
1203 562 1380 627 notionibus

260 669 408 735 adhibitis
431 668 518 732 nulla
547 668 623 732 satis
650 671 682 732 et
711 668 830 750 copiose
853 671 885 733 et
915 667 1071 750 eleganter
1093 669 1261 734 constituta
1284 669 1378 734 disci-

260 777 344 858 plina
373 795 408 839 ac
431 775 525 849 ratio,
556 774 592 838 ad
622 793 711 857 quarn
742 774 815 838 illae
844 774 984 838 notiones
1013 774 1111 857 redigi
1139 778 1275 857 possent,
1306 779 1380 842 ante

262 883 364 948 oculos
394 882 551 946 obversata
582 879 633 944 sit.
681 880 762 944 Nam
792 880 970 962 plerumque
1002 880 1164 962 scriptores
1193 882 1242 945 his
1272 882 1379 965 cogni·

262 989 399 1054 tionibus
422 987 470 1051 usi
494 987 703 1069 neglexerunt,
727 986 799 1069 quid
823 985 1031 1069 significarent
1053 1006 1105 1051 aaa
1128 1006 1164 1052 ac
1186 989 1322 1053 valerent
1345 990 1379 1053 in

261 1094 464 1177 philosophia,
487 1093 579 1157 sicuti
604 1111 658 1158 nos
680 1111 798 1175 quoque
822 1095 923 1157 nostra
941 1093 1049 1175 lingua
1064 1094 1238 1175 saepissime
1254 1096 1382 1160 nomina

264 1201 397 1281 „Zufalh
421 1199 530 1275 Gluclr,
554 1199 727 1272 Schichsal,
750 1199 957 1282 Vorsehung“
981 1199 1161 1265 adhibemus
1183 1201 1382 1268 immemores

263 1312 357 1391 atque
380 1306 470 1371 inscii
493 1306 571 1370 iuris
593 1305 811 1388 potestatisque
834 1306 924 1370 hasco
946 1306 1085 1371 notiones
1107 1307 1288 1388 proferendi.

330 1414 419 1480 Tales
437 1413 575 1478 notiones
591 1412 715 1476 maioris
731 1412 879 1476 momenti
903 1415 975 1477 sunt
997 1412 1029 1476 in
1054 1413 1195 1495 operibus
1213 1415 1381 1497 scriptoris,

264 1522 316 1605 qui
340 1541 410 1586 cum
434 1519 552 1602 ingenii
575 1522 640 1584 acie
669 1537 705 1583 ao
733 1519 920 1601 praestantia
947 1538 1047 1583 acrem
1076 1520 1228 1584 scribendi
1255 1520 1379 1586 modum

265 1632 356 1711 atque
379 1626 525 1693 orationis
552 1626 723 1690 siccitatem
752 1626 996 1709 munditiamque
1020 1626 1148 1691 misceat
1169 1630 1201 1690 et
1219 1628 1381 1693 verborum

266 1735 399 1816 pondera
431 1732 584 1797 examinet
618 1750 674 1796 nec
711 1731 821 1797 leviter
851 1750 936 1796 voees
965 1750 1024 1796 non
1059 1734 1134 1797 satis
1168 1733 1317 1799 dilucidas
1351 1737 1385 1801 et

265 1839 426 1906 distinctas
468 1839 610 1920 proferat.
673 1837 750 1902 Dico
794 1838 957 1923 Polybium
1000 1841 1032 1903 et
1071 1839 1213 1903 Taciturn
1255 1841 1384 1906 huiusce

265 1946 349 2011 modi
379 1944 541 2028 scriptores
572 1945 677 2028 magni
705 1944 845 2009 fortunae
868 1944 1010 2027 ponderis
1032 1964 1067 2009 ac
1090 1946 1239 2009 momenti
1263 1966 1385 2029 semper

265 2053 409 2118 conscios.
456 2050 542 2131 Quod
571 2051 661 2133 longe
685 2051 775 2116 aliter
804 2070 836 2116 sa
858 2052 952 2116 habet
973 2053 1052 2134 apud
1081 2053 1299 2129 Plutarchum,
1328 2055 1383 2137 qui

266 2160 389 2224 etiamsi
423 2158 456 2222 in
488 2158 669 2241 scriptorum
701 2158 886 2233 moralium,
921 2177 997 2241 quae
1028 2158 1192 2235 dicuntur,
1227 2152 1385 2226 nonnullis

266 2267 355 2342 locis,
379 2266 434 2331 uhi
457 2264 602 2329 subtilius
625 2264 757 2347 explicat
779 2264 933 2339 notiones,
964 2265 1121 2331 nominum
1146 2266 1385 2348 significationes

266 2373 444 2455 plerumque
460 2370 625 2454 diligenter
640 2371 820 2446 consideret,
842 2374 946 2437 tamen
966 2371 997 2435 in
1021 2371 1095 2437 vitis
1110 2372 1274 2454 parallelis,
1297 2375 1384 2457 quasi

267 2500 303 2545 ex
326 2499 383 2544 usu
407 2478 613 2560 exemplorum
638 2478 751 2559 scripta
779 2477 907 2541 moralia
935 2478 1221 2559 interpretantibus,
1245 2481 1386 2545 notiones

266 2605 326 2651 non
349 2586 446 2650 solum
471 2603 559 2666 saepe
582 2587 684 2649 mutat
706 2584 757 2648 sed
781 2584 876 2649 etiam
899 2584 998 2648 eidem
1022 2584 1192 2668 cognitioni
1213 2584 1384 2650 diuersissi-

266 2712 332 2759 mas
350 2695 383 2757 et
400 2691 565 2757 contrarias
582 2690 820 2774 significationes
837 2690 932 2756 addit
959 2691 1031 2757 Sine
1051 2690 1143 2756 dubio
1161 2710 1229 2756 eam
1247 2692 1285 2756 ob
1307 2712 1385 2771 ram,

267 2799 346 2883 quod
366 2799 492 2863 moralia
509 2816 627 2881 quoque
640 2797 800 2862 Plutarchi
813 2799 926 2879 scripta
942 2798 1072 2880 posteris
1083 2798 1197 2863 tradita
1212 2801 1384 2880 supersunt,

267 2905 342 2988 quid
366 2905 549 2969 Plutarchus
571 2905 724 2969 censuerit
746 2905 784 2968 de
806 2904 906 2987 tyche,
930 2904 1041 2970 melius
1056 2905 1179 2986 scimus,
1194 2925 1284 2988 quam
1301 2907 1329 2970 si
1348 2926 1386 2972 ex

267 3012 341 3078 vitis
358 3012 447 3076 modo
466 3010 621 3093 parallelis
644 3011 728 3075 notio
746 3010 909 3075 iudicanda
932 3014 1019 3076 esset.
1059 3013 1125 3076 Hoc
1148 3014 1252 3078 autem
1276 3031 1384 3095 operae

268 3118 403 3202 pretium
426 3137 489 3183 esse
505 3118 569 3200 ai03
593 3136 663 3182 narn
681 3118 865 3182 Plutarchus
882 3117 975 3182 variis
993 3118 1116 3200 seriptis
1135 3121 1167 3183 et
1189 3118 1227 3182 ad
1250 3118 1384 3200 philoso-

266 3225 372 3308 phiam
384 3243 419 3289 ac
434 3223 564 3289 virtutes
579 3241 736 3306 moresque
753 3222 946 3305 explicandos
961 3226 993 3289 et
1007 3223 1046 3288 ad
1061 3243 1109 3288 res
1124 3229 1225 3307 gestas
1240 3244 1384 3290 enarran-

268 3332 321 3398 dos
343 3331 551 3415 spectantibus
574 3330 607 3394 in
636 3330 812 3395 litterarum
841 3329 1036 3413 antiquarum
1066 3330 1194 3396 historia
1221 3331 1330 3397 unicus
1353 3334 1387 3397 at

268 3457 322 3504 suo
344 3456 455 3521 genere
477 3437 641 3520 singularis
663 3439 753 3520 atque
777 3436 992 3519 insuperabilis
1015 3437 1144 3520 scriptor
1166 3441 1356 3503 numeratur.

334 3544 433 3609 Nobis
455 3547 560 3609 autem
582 3543 818 3627 inquirentibus,
835 3543 955 3625 quoties
971 3546 1003 3609 et
1017 3543 1115 3627 qualis
1138 3543 1278 3610 fortunae
1300 3544 1386 3611 notio

268 3650 348 3733 apud
377 3650 578 3714 Plutarchum
606 3653 756 3732 versatur,
788 3649 819 3715 id
850 3669 921 3715 cum
949 3650 988 3714 ad
1017 3650 1266 3716 considerandum
1294 3655 1386 3735 atqua

269 3756 521 3834 examinandum,
556 3756 630 3839 quid
663 3757 792 3821 senserit
828 3756 1014 3821 Plutarchus
1047 3755 1084 3821 de
1117 3760 1227 3822 natura
1260 3757 1386 3823 deorum

268 3881 431 3945 rerumque
454 3863 672 3942 humanarum,
702 3864 770 3928 tum
793 3863 831 3928 ad
853 3862 999 3928 subtilius
1021 3863 1278 3946 cognoscendum,
1309 3884 1386 3948 quaa

269 3970 311 4035 sit
325 3968 471 4033 historica
494 3968 559 4033 eius
574 3969 662 4046 ratio,
685 3968 854 4052 plurimum
877 3968 1012 4034 conferre
1027 3968 1214 4053 maximique
1237 3970 1386 4035 momenti

269 4093 333 4140 esse
356 4074 485 4141 ridetur.
532 4075 615 4141 Nam
643 4075 784 4157 scriptori
807 4075 1018 4152 historiarum,
1049 4076 1102 4159 qui
1131 4094 1179 4140 res
1201 4079 1303 4159 gestas
1325 4095 1387 4142 non

270 4181 462 4264 simpliciter,
485 4181 538 4246 sed
561 4182 607 4247 ita
629 4200 751 4246 nauare
773 4183 850 4259 vult,
873 4184 910 4246 ut
924 4180 1018 4246 simul
1040 4183 1120 4246 unde
1135 4182 1257 4265 singula
1279 4185 1387 4248 eventa

269 4291 336 4353 orta
359 4287 422 4353 sint
452 4291 483 4353 et
505 4288 653 4372 quomodo
682 4289 862 4354 cohaereant
891 4290 1078 4354 demonstret
1100 4307 1262 4372 causasque
1284 4308 1387 4355 rerum
