3084 4834
167 505 248 571 gere,
272 504 362 569 quam
385 487 436 567 pio
459 485 561 550 animo
586 489 617 551 et
632 487 781 570 religione
798 487 966 562 retinebat3
990 487 1093 569 itaque
1110 488 1285 570 saepissime

170 592 377 676 eloquebatur,
401 592 480 673 quod
504 593 607 659 animo
630 593 719 658 molli
742 594 889 677 agitabat,
914 613 945 658 se
968 595 1000 657 in
1017 597 1152 675 tempore
1169 595 1286 659 dissen-

167 700 263 766 sionis
285 718 320 763 ac
344 698 567 781 discrepantiae
590 698 680 781 pleno
703 700 814 775 vivere,
837 700 916 783 quod
935 703 1037 764 vetera
1052 699 1212 765 abiecisset
1231 720 1287 766 nec

167 825 248 871 nova
269 805 440 888 accepissit.

237 913 385 994 Perpauci
408 912 531 995 quidem
556 912 615 977 viri
638 912 809 994 incorrupti
832 912 1017 996 ingenuique
1040 916 1153 995 quanta
1176 915 1218 978 sit
1241 913 1287 979 vis

166 1020 293 1086 virtutis
316 1039 351 1083 ac
374 1037 493 1083 morum
517 1019 749 1094 intellexerunt,
773 1019 824 1083 sed
848 1020 957 1102 optimi
980 1020 1105 1103 quique,
1130 1041 1199 1085 cum
1224 1023 1288 1086 usi-

167 1131 251 1193 tatae
274 1129 490 1209 perceptaeque
519 1127 643 1190 deorum
667 1126 857 1209 cognitiones
885 1125 1052 1191 exstinctae
1076 1132 1191 1201 essent,
1222 1129 1286 1192 vim

168 1233 362 1318 quaerebant,
385 1251 461 1315 quae
477 1231 630 1296 defectum
646 1250 839 1315 compensare
856 1234 887 1296 et
909 1232 1069 1297 hominum
1094 1233 1288 1309 desiderium,

169 1341 316 1406 maiorem
333 1338 469 1403 divinam
484 1338 655 1419 potentiam
675 1339 906 1420 complectendi,
930 1339 1035 1403 satiari
1059 1343 1168 1421 posset.
1208 1340 1288 1421 Quid

169 1448 285 1513 mirum
308 1445 509 1510 Plutarchum
532 1444 569 1509 ad
594 1447 775 1526 potestatem
806 1445 947 1510 omnibus
971 1447 1124 1529 cognitam
1149 1448 1289 1530 iustoque

170 1554 297 1620 consilio
320 1572 368 1616 res
390 1570 516 1633 regnare
540 1551 636 1616 visam
660 1552 807 1634 refugisse
831 1557 862 1617 et
884 1553 994 1634 tychen
1018 1554 1198 1635 agnovisse?
1242 1557 1290 1620 Ita

170 1663 272 1726 noster
300 1677 418 1742 quoque
442 1658 626 1723 Plutarchus
654 1659 703 1722 sui
733 1660 878 1741 temporis
909 1677 1014 1722 verum
1038 1678 1069 1723 se
1099 1659 1201 1724 tilium
1224 1681 1288 1726 esse

170 1768 260 1852 plane
284 1764 470 1830 manifestat.

238 1874 271 1939 si
302 1873 412 1954 prioris
441 1869 724 1954 temporisdraeci
754 1890 814 1936 non
844 1871 1077 1948 intellexerunt,
1105 1878 1290 1958 quantopere

171 1983 289 2056 omnia,
319 1998 395 2063 quae
423 1978 515 2054 fiunt,
546 1978 650 2042 divina
678 1977 806 2061 quadam
838 1977 869 2041 vi
897 1978 934 2042 ad
966 1979 1057 2044 finem
1087 1982 1290 2047 constitutum

172 2088 281 2156 adduci
303 2087 434 2169 possent,
458 2087 561 2169 postea
576 2085 681 2168 tyches
703 2085 736 2148 in
753 2083 817 2149 dies
833 2083 901 2166 plus
922 2085 1051 2151 valentis
1067 2087 1150 2152 notio
1167 2106 1289 2153 oausam

171 2195 323 2279 praebuit,
337 2212 389 2257 cur
406 2211 472 2256 eam
485 2193 653 2274 potentiam
673 2190 885 2256 existimarent
901 2210 969 2256 cum
989 2192 1116 2258 consilio
1130 2194 1290 2260 hominum

173 2322 221 2368 res
236 2300 381 2385 gerendas
396 2298 433 2363 ad
456 2298 549 2362 finem
566 2297 751 2364 destinatum
771 2297 972 2362 adducentem
990 2302 1021 2363 et
1040 2300 1116 2364 certi
1132 2299 1291 2364 cuiusdam

173 2408 321 2492 propositi
342 2408 545 2489 appetentem.
587 2404 750 2488 Polybium
778 2405 934 2469 nonnullis
961 2406 1036 2470 loeis
1059 2407 1169 2490 tycben
1193 2407 1290 2471 talem

174 2535 238 2581 esse
262 2514 343 2591 vim,
370 2533 447 2597 quae
470 2513 661 2596 singulorum
684 2513 825 2595 gentium
855 2514 945 2595 atque
968 2512 1126 2577 bominum
1156 2533 1203 2578 res
1231 2533 1291 2578 non

176 2623 243 2690 sine
266 2620 392 2687 consilio
415 2622 544 2704 regeret,
569 2618 677 2683 uidisse
701 2618 833 2683 Baurius
848 2621 872 2701 ¹)
896 2618 1028 2683 dilucide
1051 2619 1195 2686 ostendit.
1234 2618 1292 2684 Sed

176 2729 285 2796 multis
311 2730 383 2794 aliis
412 2726 488 2791 locis
517 2727 550 2790 in
579 2725 645 2807 ipsa
675 2725 798 2809 Polybii
828 2725 967 2801 historia,
996 2725 1088 2790 sicuti
1119 2745 1209 2809 supra
1239 2725 1292 2790 de-

174 2837 421 2909 monstravimus,
444 2833 549 2917 tyohes
571 2832 637 2897 voci
653 2832 722 2908 alia,
746 2831 797 2896 illi
819 2832 943 2896 adversa
967 2834 999 2895 et
1021 2833 1172 2898 contraria
1194 2833 1292 2916 signi·

173 2944 278 3010 ficatio
307 2943 445 3008 subiecta
478 2943 540 3015 est,
575 2940 619 3004 ita
653 2941 688 3003 nt
726 2938 871 3022 Polybius
905 2957 1021 3022 quoque
1053 2959 1154 3004 veram
1189 2940 1294 3022 tyches

174 3055 317 3117 naturam
340 3069 399 3114 non
417 3048 579 3131 diligenter
595 3046 779 3129 cognovisse,
802 3045 855 3110 sed
878 3044 1002 3110 dubiam
1018 3048 1110 3128 atque
1126 3047 1293 3128 ancipitem

175 3158 334 3241 reliquisse
358 3156 505 3222 videatur.
546 3152 651 3233 Quoad
672 3153 848 3235 posterioris
871 3152 1017 3234 temporis
1040 3150 1224 3217 Graecorum
1242 3151 1293 3215 hi-

176 3265 356 3331 storicorum
376 3262 487 3327 seriem
505 3261 620 3326 intueri
640 3258 807 3343 possumus,
824 3278 862 3323 ne
878 3278 974 3323 unum
986 3258 1110 3340 quidem
1125 3258 1295 3341 reperimus

177 3372 353 3454 scriptorem
386 3388 490 3434 veram
521 3368 660 3433 fortunae
695 3371 837 3431 naturam
865 3385 900 3430 ac
927 3367 1083 3430 notionem
1118 3364 1294 3446 saepissime

177 3479 339 3559 repetitam
362 3478 603 3559 perscrutatum
632 3492 708 3557 quae
737 3474 823 3537 notio
852 3491 911 3536 non
941 3471 1040 3536 solum
1069 3471 1181 3554 ubique
1210 3471 1295 3536 varia

178 3583 401 3668 significatione
423 3582 603 3660 adhibetur,
626 3580 678 3645 sed
702 3599 756 3663 pro
780 3579 836 3644 illa
858 3579 936 3643 aliae
959 3596 1077 3662 quoque
1096 3578 1294 3661 cognitiones,

179 3692 215 3756 ut
237 3690 384 3773 exemplis
400 3691 531 3765 namur,
552 3683 736 3775 εἱμαρμένη,
760 3684 952 3768 αὐτόματον,
976 3682 1104 3767 δαίμων
1119 3688 1294 3767 ceteraeque

179 3799 345 3875 exsistunt,
384 3815 460 3880 quae
494 3795 592 3860 simili
631 3793 855 3877 significatione
889 3792 1044 3874 praeditae
1082 3811 1173 3874 parva
1206 3789 1295 3855 modo

177 3904 345 3970 uariatione
367 3902 465 3968 alium
489 3921 612 3967 sensum
634 3899 777 3983 praebere
799 3899 907 3963 solent.

248 4010 431 4093 Plerumque
447 4027 518 4093 ergo
542 4007 609 4073 fieri
632 4026 691 4072 non
708 4025 794 4089 posse
809 4005 939 4080 videtur,
964 4007 999 4069 ut
1022 4003 1055 4068 in
1078 4004 1133 4068 has
1156 4003 1294 4068 notiones

251 4261 278 4325 1)
292 4259 331 4312 De
342 4258 418 4327 tycho
432 4259 459 4312 in
469 4256 629 4328 pragmatica
639 4255 740 4323 Polybii
758 4254 869 4308 historia
882 4252 1034 4323 disputatio.
1054 4250 1092 4306 uf.
1107 4248 1135 4306 L.
1146 4250 1296 4305 Schmidt

79 4334 83 4341 ’
115 4344 118 4349 ⁴
178 4349 197 4404 r.
216 4366 238 4403 a.
256 4349 292 4415 Π,
312 4348 355 4404 es.
