3084 4834
145 441 248 508 uslere
286 440 450 507 hominum
487 444 651 519 naturam,
691 442 859 519 virtutom,
902 441 1064 508 consilium
1100 461 1268 527 moresque.

144 546 331 625 Alexander,
347 554 407 612 20:
428 534 632 634 Ἀλεξάνδρῳ
647 545 684 613 δὲ
700 544 831 631 τὸνμὲν
844 546 949 614 τόπον
972 548 1083 637 ἦτύχη
1099 546 1268 635 παρέσχεν.

147 662 209 721 263
238 654 316 742 ἣτε
345 653 406 739 γδρ
435 651 513 739 τύχη
542 655 618 730 ταῖς
645 650 822 737 ἐπιβολαῖς
851 649 1030 720 ὑπείκουσα
1058 654 1116 741 τὴν
1143 655 1270 742 γνώμην

143 756 280 847 ίσχυράν
302 754 420 825 έποίει.
471 757 592 835 Ouosm,
618 765 677 825 53:
708 757 821 847 έχρητο
843 757 893 845 τῷ
914 757 1020 846 καιρῷ
1042 757 1101 825 καί
1123 758 1166 847 τῇ
1187 759 1269 848 ῥύμη

144 878 206 954 τῆς
228 865 332 953 τύχης.

215 972 385 1038 Consilium
414 988 449 1036 ει
479 968 644 1048 virtutem,
675 972 711 1036 ut
739 989 861 1036 summe
889 989 1123 1055 oonsequemur‚
1147 971 1270 1037 fortune

146 1078 271 1144 misoeri
295 1096 371 1160 opus
393 1094 457 1142 esse
480 1075 667 1141 oouoeditur.
717 1075 807 1154 Dion,
833 1089 866 1142 13
889 1077 940 1142 ὅτι
963 1076 1015 1143 δεῖ
1028 1089 1190 1165 φρονησαι
1212 1075 1270 1143 καὶ

144 1184 335 1271 δικαιοσύνῃ
350 1183 486 1264 δύναμιν
508 1179 567 1247 ἐπί
589 1181 627 1248 τὸ
650 1179 729 1249 αὐτὸ
751 1181 809 1248 καί
824 1181 920 1270 τύχην
933 1182 1108 1249 συνελθεῖν.
1148 1183 1271 1250 similis

145 1291 238 1361 dooet
260 1289 356 1355 oratio
379 1289 417 1353 de
440 1288 527 1354 Alex.
551 1288 622 1354 iort.
645 1289 693 1366 ΙΙ,
718 1297 753 1355 33
784 1289 804 1375 ἡ
826 1289 904 1377 τύχη
926 1292 1041 1372 κοσμεῖ
1067 1291 1125 1378 τὴν
1146 1289 1269 1378 ἀρετήν.

145 1397 396 1480 Quantieumque
418 1395 517 1460 virtus
538 1395 733 1473 aestimetur,
756 1413 919 1461 amoenum
942 1397 1124 1480 gustumque
1146 1394 1271 1478 iusuper

147 1505 180 1571 ei
203 1502 364 1569 oumulum
387 1500 474 1566 addit
496 1501 605 1584 ηυδε,
628 1519 705 1585 queo
728 1500 877 1567 virtutem
901 1501 1060 1585 splendore
1082 1504 1185 1584 auget.
1231 1502 1271 1567 nt

147 1610 283 1695 legimus
305 1609 339 1674 iu
361 1607 574 1675 dissertatione
604 1608 642 1672 de
664 1608 753 1674 Rom.
777 1608 848 1674 fort.
872 1617 910 1673 n:
939 1604 997 1673 καί
1025 1606 1109 1689 τάχα
1138 1630 1205 1674 που
1227 1605 1271 1695 τῇ

145 1716 226 1804 τύχη
255 1716 314 1802 τὴν
341 1709 492 1800 ἀνδρείαν
519 1711 771 1800 παρωνόμασεν,
803 1710 824 1802 ἣ
851 1713 1007 1781 πλεῖστον
1035 1709 1082 1792 είς
1111 1715 1150 1781 τὸ
1177 1722 1271 1780 νικᾶν

147 1822 245 1910 τύχης
271 1817 411 1905 μέτεστι.
458 1819 685 1885 Fortitudinem
714 1819 929 1904 fortunamque
959 1819 1081 1885 misceri
1111 1838 1186 1903 opus
1214 1822 1270 1898 est,

147 1930 187 1994 ut
223 1931 342 1993 eertum
378 1928 522 1992 eventum
553 1944 783 2007 consequemur.
837 1925 897 1991 Sed
932 1926 966 1990 in
995 1925 1132 1991 eiusdem
1167 1925 1270 1991 libelli

144 2034 252 2118 eapite
275 2032 394 2098 decimo
416 2031 567 2097 inversam
583 2031 775 2098 fortitudinis
798 2032 961 2116 tyohesque
985 2034 1135 2099 rationem
1156 2032 1271 2115 reperi·

11 2132 13 2147 ¹
148 2158 231 2216 mus,
254 2138 308 2203 ubi
332 2140 446 2204 exstet:
477 2136 528 2204 ὅτι
551 2136 706 2205 πλεῖστον
735 2134 909 2225 ἡάνδρεία
932 2138 1027 2227 τύχης
1050 2135 1096 2217 είς
1119 2139 1158 2204 τδ
1179 2148 1272 2203 νικᾶν

11 2230 13 2239 '
51 2245 58 2258 '
146 2242 332 2332 μετέσχηκε.
369 2243 429 2309 lllo
444 2243 510 2308 looo
525 2242 710 2322 fortitudini,
726 2247 762 2309 ut
778 2263 905 2327 magnos
919 2249 1047 2310 eventus
1062 2246 1270 2328 eoumqmtm,

11 2338 14 2347 ’
147 2352 263 2437 tyohen
284 2350 385 2416 favore
408 2368 484 2433 opus
506 2368 580 2428 esso,
603 2349 655 2418 hio
670 2350 785 2416 virtute
807 2368 843 2416 so
859 2350 1040 2416 fortitudine
1064 2369 1183 2416 neeesse
1206 2368 1270 2415 osse

12 2540 15 2543 Ι
148 2458 264 2543 tyohen
286 2455 434 2533 adiuvari,
457 2459 493 2522 ut
516 2474 629 2539 magne
650 2455 799 2539 perficiet,
823 2456 1008 2522 Plutarchus
1032 2459 1144 2522 censet.

219 2565 343 2642 eratne,
367 2572 403 2630 9:
426 2560 510 2627 ἀλλά
529 2563 685 2650 καθαρὰν
706 2560 764 2628 καί
787 2561 929 2634 άθικτον
950 2564 1091 2646 αἵματος
1113 2558 1270 2650 ἐμφυλίου

12 2682 14 2685 ’
148 2671 210 2758 τὴν
232 2667 353 2757 πράξιν
375 2670 395 2756 ἡ
417 2668 495 2757 τύχη
517 2667 698 2756 διεφύλαξε.
744 2670 782 2735 de
797 2670 886 2736 Rem.
910 2668 981 2736 fort.
1008 2679 1045 2735 1:
1069 2664 1105 2735 αῖ
1128 2668 1271 2748 πολλοὺς

16 2866 18 2869 ¹
151 2775 317 2853 πολλάκις
339 2772 555 2864 ἠγωνισμέναι
577 2772 634 2841 καί
662 2774 821 2860 μεγάλους
847 2774 974 2861 ἀγῶνας
996 2775 1092 2864 ἀρετὴ
1114 2773 1173 2841 καί
1193 2774 1270 2864 τύχη

149 2883 238 2969 πρὸς
260 2880 401 2968 ἀλλήλας
422 2879 574 2967 μέγιστον
589 2877 799 2965 ἀγωνίζονται
813 2882 870 2948 τὸν
884 2880 1044 2970 παρόντα.
1060 2919 1103 2930 -
1120 2879 1271 2960 αύξουσιν

15 2979 18 2985 ’
148 2988 337 3078 ἀμφότεραι
360 2987 489 3070 πόλεις,
516 2997 691 3070 κοσμοῦσιν
721 2985 858 3074 ἀνδρας,
888 2982 935 3067 εἷς
964 2986 1063 3068 δόξαν
1091 2986 1270 3073 ἀνάγουσιν,

14 3078 22 3119 ³³
148 3091 198 3173 είς
220 3093 370 3177 δύναμιν,
393 3089 440 3172 είς
461 3090 643 3181 ἡγεμονίαν.
690 3101 728 3159 23
752 3090 782 3160 εί
803 3096 890 3160 κατὰ
912 3093 1000 3160 πάνυ
1022 3096 1106 3182 πρὸς
1128 3093 1271 3181 ἀλλήλας

14 3186 23 3250 ³³
82 3253 85 3259 -
149 3200 203 3271 ἀεὶ
226 3200 407 3283 πολεμοῦσι
436 3199 494 3266 καί
519 3198 732 3287 διαφέρονται
762 3199 840 3289 τύχη
868 3198 927 3266 καί
950 3198 1055 3289 ἀρετή.
1079 3236 1123 3247 -
1145 3200 1271 3289 πολλης

15 3294 25 3337 ¹
148 3306 189 3374 δὲ
210 3304 269 3373 καί
284 3305 379 3395 τύχης
394 3305 619 3395 συνελθούσης.
666 3314 702 3372 33
724 3306 770 3393 μὴ
786 3305 844 3372 καί
858 3304 1033 3394 ταύτηντῇ
1054 3305 1131 3395 τύχη
1146 3303 1270 3395 χαρίζῃ.

15 3404 26 3445 ³⁷
150 3425 189 3480 4:
211 3412 380 3498 μεγαλύνει
405 3414 463 3500 τὴν
494 3413 599 3502 τύχην.
628 3450 670 3461 -
701 3411 817 3500 ἀρθείς
845 3400 907 3478 ὑπ>
937 3411 1036 3501 αάτης
1065 3412 1195 3502 (τύχης).
1227 3452 1270 3462 -

15 3518 24 3571 ί
150 3516 299 3607 ἀντίκρυς
315 3512 408 3596 οὑτος
422 3519 465 3607 τῇ
479 3520 555 3608 τύχη
570 3521 653 3602 μετὰ
667 3531 733 3584 τῶν
747 3517 899 3607 πράξεων
922 3514 1034 3586 ἑαυτὸν
1055 3515 1218 3599 είςεποίει.
1227 3559 1271 3569 -

18 3612 28 3641 ¹
152 3627 308 3692 πλεῖστον
330 3626 391 3711 γάρ
412 3612 610 3714 Ἀφροδίτης
632 3626 709 3714 τύχη
731 3623 931 3714 μετέσχηκεν.
977 3624 1044 3706 Quo
1066 3626 1132 3693 loeo
1151 3630 1272 3711 praeter

16 3726 29 3769 ³²
149 3734 273 3798 noetem
303 3732 394 3816 tyohe
422 3750 539 3815 quoque
568 3734 696 3813 petrona
724 3732 838 3798 umoris
865 3731 1068 3815 praedicetur.
1123 3741 1159 3800 5:
1187 3731 1270 3820 ὑπὲρ

150 3850 209 3926 της
230 3837 325 3926 τύχης
347 3834 507 3922 ἐπάγοιτο
528 3837 706 3924 μάρτυρας.
724 3875 765 3886 -
782 3837 823 3924 τῇ
845 3838 921 3927 τύχη
941 3836 1042 3906 πλέον
1064 3840 1085 3928 ἢ
1106 3836 1149 3928 τῇ
1171 3837 1271 3927 ἀρετῇ

148 3942 314 4027 νέμοντας.
355 3953 392 4011 d:
407 3955 465 4031 της
479 3943 575 4032 τύχης
588 3944 645 4010 τὸν
659 3944 775 4031 καιρὸν
789 3942 1020 4032 ὑπερθεμένης.
1060 3956 1097 4012 73
1113 3944 1270 4030 καθάπερ

149 4046 235 4137 ἔργῳ
264 4049 394 4137 μεγάλην
421 4050 615 4138 δημιουργὸν
643 4048 837 4138 ἐπιγράψας
867 4046 973 4137 ἑαυτῷ
1000 4052 1057 4139 τὴν
1078 4050 1181 4138 τύχην.
1233 4060 1271 4117 83

22 4199 31 4239 3,
147 4155 235 4221 ἀλλὰ
264 4156 325 4241 γάρ
355 4151 391 4221 αῖ
419 4153 479 4239 μὲν
507 4155 576 4221 ἀπὸ
605 4168 670 4221 τῶν
697 4155 870 4244 μαρτύρων
897 4154 1028 4235 πίστεις
1049 4165 1208 4222 τοσαῦται
1231 4154 1271 4244 τῇ

148 4261 227 4350 τύχη
257 4260 402 4349 πάρεισι.
433 4298 477 4309 -
506 4262 564 4350 τὴν
590 4260 651 4344 μέν
678 4261 773 4350 τύχην
801 4262 969 4346 ὑποβολὰς
996 4265 1271 4344 κατατεθεῖσθαι,

1041 4370 1059 4421 4
