3084 4834
118 448 229 514 ὁτιοῦν
250 445 412 535 φαίνεται.
460 450 526 516 ΡοΙ.
548 450 575 517 Ι.
600 459 636 515 2:
664 449 701 516 ἐκ
723 450 845 516 τούτων
867 447 922 517 οὖν
940 453 1078 540 φανερὸν
1100 452 1152 518 ὅτι
1178 466 1243 517 τῶν

118 554 216 643 φύσει
239 556 259 643 η
281 555 379 633 πόλις
394 553 474 637 ἐστι’,
497 555 555 622 καὶ
578 556 629 622 ὁτι
645 556 823 646 άνθραιπος
846 558 941 645 φύσει
961 559 1133 625 πολιτικὸν
1148 557 1242 644 ζηῖου,

121 659 180 728 καὶ
202 661 220 727 ὁ
243 660 364 740 άπολις
386 662 443 727 διά
466 663 562 751 φύσιν
585 663 643 728 καὶ
665 662 702 730 ού
725 664 782 729 διὰ
797 664 893 752 τύχην
915 662 987 753 ἤτοι
1003 663 1128 753 φαῦλός
1151 664 1240 730 ἐστιν

120 769 142 856 ἢ
165 764 318 855 κρείττων
341 770 361 857 ἢ
383 768 573 857 άνθρωπος.

189 875 317 940 Locutio
346 874 415 941 άπὸ
437 875 532 964 τύχης
561 876 724 959 opponitur
756 876 906 942 locutioni
937 875 972 956 ἐξ
1002 876 1151 965 ἀνάγκης.
1199 878 1244 941 De

123 980 283 1063 interpret.
316 990 353 1046 9:
388 979 480 1047 οὐδέν
507 981 572 1068 άρα
600 979 672 1047 οὔτε
700 977 790 1047 ἐστιν
820 981 893 1048 οέτε
921 981 1044 1068 γίνεται
1073 981 1145 1048 οὔτε
1175 982 1245 1048 άπὸ

122 1086 218 1174 τύχης
244 1076 323 1152 oee'
355 1076 492 1175 ὁπότερ’
526 1084 646 1169 ἔτυχεν,
681 1086 755 1153 οὐδὲ
785 1084 895 1168 ἔσται,
931 1079 1006 1154 ἀλλ’
1040 1089 1076 1170 ἐξ
1104 1089 1246 1177 ἀνάγκης

120 1195 258 1259 ἅπαντα
280 1192 338 1259 καὶ
361 1193 417 1276 ούχ
438 1183 575 1280 ὁπότερ’
601 1190 715 1276 ἔτυχεν.
761 1197 855 1260 erret.
878 1197 904 1263 Ι.
930 1206 987 1263 1οε
1015 1210 1080 1261 τῶν
1109 1194 1169 1279 μέν
1192 1191 1246 1261 οὖν

121 1300 169 1387 μη
193 1288 240 1365 δι’
259 1301 375 1379 αὖτοὺς
391 1303 433 1366 τά
447 1299 508 1385 μέν
531 1302 587 1367 διὰ
602 1302 697 1389 τύχην
711 1301 897 1389 πράττουσι
912 1304 954 1368 τά
977 1290 1011 1367 δ’
1037 1301 1073 1381 ἐξ
1096 1301 1245 1389 ἀνάγκης.

124 1407 171 1471 De
194 1407 353 1489 interpret.
384 1417 422 1474 9:
452 1406 543 1474 οὐδέν
571 1406 636 1497 άρα
659 1396 794 1495 ὁπότερ’
825 1403 931 1489 ἔτυχεν
959 1406 1033 1474 οὐδὲ
1060 1407 1130 1474 άπό
1151 1408 1247 1495 τύχης

121 1508 233 1579 ἔσται·
255 1509 284 1578 εἰ
306 1516 367 1602 γάρ
391 1513 461 1581 άπὸ
483 1515 586 1602 τύχης,
610 1513 669 1580 οὐκ
691 1512 727 1593 ἐξ
749 1512 898 1602 άνάγιης.

193 1621 356 1686 Praeterea
376 1623 539 1703 opponitur
558 1621 635 1709 τύχη
659 1624 692 1685 et
713 1617 905 1708 προαιρέσει
928 1623 960 1686 et
975 1619 1081 1707 ἀρετῇ.
1119 1619 1245 1703 Analyt.

126 1728 204 1809 pose.
228 1727 267 1791 II.
294 1737 350 1793 11:
374 1726 442 1794 άπὸ
464 1728 562 1815 τύχης
585 1725 676 1793 οὐδὲν
691 1724 784 1792 ἕνεκά
806 1750 864 1793 του
880 1725 1012 1812 γίνεται.
1051 1728 1143 1792 eret.
1160 1727 1185 1791 I.
1210 1734 1247 1792 9:

126 1832 169 1896 τὰ
192 1835 422 1917 συμπτώματα
445 1832 502 1899 καὶ
524 1836 566 1899 τὰ
581 1833 651 1899 άπὸ
665 1834 760 1922 τύχης
783 1834 827 1911 ὡς
843 1833 876 1899 έν
891 1830 1081 1921 προαιρέσει
1097 1830 1248 1920 ληπτέον.

127 1939 250 2022 Fregm.
280 1948 340 2007 88:
370 1937 399 2006 εἰ
428 1936 516 2007 ἔστιν
545 1939 655 2029 άρετή,
692 1938 749 2006 οάι
780 1936 851 2005 έστι
880 1940 967 2028 τύχη.
1021 1940 1113 2023 Ρλιχε.
1143 1939 1183 2003 ΙΙ.
1215 1947 1249 2004 6:

127 2045 258 2131 ὕστερον
280 2047 319 2112 τὸ
342 2045 524 2132 αὐτόματον
546 2046 604 2113 καὶ
627 2049 647 2135 ἦ
669 2047 746 2133 τύχη
769 2045 827 2112 καὶ
850 2057 905 2113 νοῦ
927 2045 985 2112 καὶ
1008 2046 1143 2134 φύσεως.

195 2151 377 2219 Aristoteles
392 2154 558 2237 distinguit
574 2152 669 2240 τύχην
684 2152 814 2241 άγαθήν
833 2153 871 2218 ab
883 2149 1020 2239 εὐτυχίη.
1050 2153 1141 2235 Phys.
1156 2150 1198 2214 II.
1213 2158 1247 2216 5:

125 2257 206 2345 τύχη
228 2257 340 2347 άγαθη
362 2258 422 2343 μέν
445 2258 587 2345 λέγεται,
610 2260 689 2326 όταν
712 2258 840 2345 άγαθόν
862 2284 896 2324 τι
918 2257 1047 2348 ἀποβῇ,
1071 2257 1179 2346 φαύλη
1203 2254 1249 2337 ὁὲ,

128 2364 208 2430 ὅταν
223 2366 347 2452 φαῦλόν
362 2392 404 2448 τι,
428 2364 557 2449 εὐτυχία
578 2365 614 2433 δέ
629 2365 687 2432 καὶ
702 2363 863 2448 ὁσςτυχία,
887 2366 966 2431 ὁταν
980 2363 1121 2450 μέγεθος
1136 2359 1249 2445 έχοντα

129 2481 243 2536 ταῦτα.
282 2473 452 2558 Metaphye.
474 2476 511 2540 X.
536 2484 572 2541 8:
595 2473 708 2562 άγαβη
731 2475 809 2562 τύχη
832 2471 889 2539 καὶ
911 2474 996 2561 κακη
1019 2471 1099 2537 ὅταν
1121 2470 1249 2555 άγαβὸν

128 2576 150 2664 ἢ
178 2579 303 2665 φαῦλον
332 2579 452 2668 ἀποβῇ.
505 2578 633 2663 εὐτυχία
664 2580 700 2646 δέ
729 2579 787 2646 καὶ
817 2576 971 2661 ὁυςτυχία
1001 2576 1079 2665 περὶ
1108 2574 1250 2661 μέγεθος

126 2684 261 2750 τούτων.

197 2790 384 2875 Angustiore
407 2813 496 2860 sensu
518 2795 595 2882 τύχη
611 2813 629 2860 a
644 2791 692 2880 τῷ
713 2791 889 2878 αὐτομάτῳ
906 2790 1118 2874 distinguitur.
1159 2790 1250 2872 Phys.

128 2897 170 2961 ΙΙ.
199 2905 235 2962 6:
258 2900 296 2964 τὸ
318 2899 386 2967 άπὸ
408 2901 504 2990 τύχης
523 2911 592 2965 πᾶν
615 2899 684 2966 άπὸ
706 2897 922 2983 ταύτομάτου,
946 2908 1042 2963 τοῦτο
1065 2885 1097 2961 δ’
1123 2893 1160 2961 ού
1182 2904 1252 2959 πᾶν

127 3001 201 3069 άπό
222 3004 326 3094 τύχης.
372 3008 391 3095 η
419 3007 478 3091 μὲν
508 3010 568 3095 γάρ
597 3008 675 3095 τύχη
698 3005 755 3072 καὶ
778 3007 817 3072 τό
844 3005 912 3070 άπὸ
935 3005 1030 3091 τύχης
1053 3001 1141 3069 ἐστὶν
1163 3001 1252 3078 ὅσοις

132 3109 252 3178 καὶτὸ
278 3111 449 3203 εὐτυχῆσαι
477 3116 516 3180 άν
538 3114 709 3200 ὑπάρξειεν
739 3111 796 3179 καὶ
825 3112 908 3190 ὅλοις
938 3110 1068 3198 πρᾶξις.
1115 3109 1167 3174 διὸ
1194 3105 1252 3173 καὶ

130 3216 253 3307 άνάγιη
277 3219 354 3307 περὶ
377 3222 419 3286 τά
441 3223 577 3310 πρακτά
600 3213 684 3288 εἶναι
706 3221 764 3307 την
782 3219 884 3307 τύχην.
909 3255 951 3265 -
987 3215 1020 3282 έν
1042 3219 1112 3293 τοῖς
1135 3214 1252 3291 άπλῶς

132 3321 223 3390 ἕνεκά
245 3349 303 3392 του
326 3326 520 3412 γινομένοις,
551 3328 630 3392 όταν
651 3328 696 3415 μη
720 3336 779 3392 τοῦ
800 3324 983 3409 συμβάντος
1006 3320 1098 3388 ἕνεκα
1122 3320 1252 3408 γένηται

133 3426 175 3497 οὗ
194 3427 257 3511 ἔξω
280 3435 318 3499 τὸ
341 3429 457 3515 αἴτιον,
481 3433 554 3501 τότε
576 3433 645 3499 άπὸ
665 3431 871 3516 ταύτομάτου
893 3429 1042 3516 λέγομεν·
1066 3427 1135 3493 άπὸ
1158 3427 1253 3514 τύχης
1290 3482 1311 3495 .

132 3536 183 3619 ὁέ,
220 3540 342 3605 τούτων
371 3540 432 3606 ὅσα
467 3540 536 3606 άπὸ
566 3538 770 3624 ταύτομάτου
801 3535 923 3624 γίνεται
952 3549 1017 3601 τῶν
1047 3545 1253 3622 προαιρετῶν

132 3648 203 3724 τοῖς
225 3641 331 3727 έχουσι
355 3645 555 3735 προαίρεσιν.
1240 3646 1242 3650 ’

202 3753 387 3838 Plerumque
416 3752 567 3840 γίνεσθαι
596 3753 664 3819 ἀπὸ
692 3752 787 3840 τύχης
821 3751 951 3828 dieitur,
988 3751 1041 3814 sed
1071 3749 1167 3814 etiam
1197 3746 1253 3811 διὰ

133 3857 231 3947 τύχην
246 3864 277 3925 et
292 3862 379 3926 κατά
394 3862 498 3950 τύχην.
536 3862 608 3926 Eth.
625 3860 694 3926 Nie.
711 3860 736 3923 l.
754 3867 791 3923 4:
814 3855 928 3942 οὐγὰρ
948 3852 1034 3922 έοικε
1049 3858 1119 3932 τοῖς
1135 3875 1170 3938 γε
1185 3851 1255 3917 άπὸ

132 3966 230 4055 τύχης
245 3965 435 4052 ὁμωνύμοις.
476 3971 560 4034 Ροὸλ.
578 3978 613 4034 9:
636 3968 674 4032 τὸ
689 3965 884 4049 θαυμαστὸν
900 3964 1001 4040 οὕτως
1016 3959 1081 4040 ἕξει
1096 3958 1220 4043 μᾶλλον
1235 3958 1255 4044 ἢ

134 4069 164 4138 εἰ
187 4071 256 4139 άπὸ
272 4084 330 4140 τού
344 4073 531 4159 αὐτομάτου
546 4072 604 4140 καὶ
626 4086 684 4162 τῆς
699 4073 804 4160 τύχης,
828 4069 902 4136 ἐπεὶ
917 4068 974 4135 καὶ
989 4081 1055 4134 τῶν
1070 4067 1139 4132 άπὸ
1161 4064 1256 4151 τύχης

132 4190 240 4245 ταῦτα
262 4182 528 4265 θαυμασιώτατα
559 4180 661 4259 δοκεῖ,
693 4178 754 4243 ὅσοι
782 4179 893 4264 ὥσπερ
922 4173 1074 4263 ἐπίτηδες
1103 4167 1256 4259 φαίνεται

134 4285 303 4373 γεγονέναι.
351 4290 441 4354 Anal.
465 4291 541 4371 poet.
568 4299 597 4353 1.
618 4294 675 4353 30:
698 4295 757 4350 τοῦ
779 4284 848 4350 άπὸ
870 4283 965 4370 τύχης
988 4279 1046 4347 οὐκ
1069 4275 1156 4344 ἔστιν
1179 4274 1256 4341 ἐπι-
