3084 4834
307 462 463 527 notionem
476 461 508 525 in
521 459 643 542 scriptis
659 459 872 525 historicorum
892 462 1092 542 posteriorum
1105 463 1300 545 apparentem
1316 479 1452 542 parum

308 567 550 633 illustraverunt
582 564 680 630 Nobis
703 566 735 629 in
759 567 816 630 hac
839 566 1051 633 dissertatione
1074 569 1105 631 in
1129 568 1238 649 primis
1260 566 1298 631 ad
1321 567 1454 648 tyches

309 674 343 738 in
361 673 521 739 Plutarchi
538 672 678 755 operibus
695 670 847 737 notionem
869 672 1087 754 explanandam
1109 671 1361 757 aggredientibus
1392 672 1451 737 rei

308 779 483 844 tractandae
506 777 654 862 dignitati
676 780 783 860 aptum
807 777 937 855 videtur,
961 780 1040 843 hanc
1062 780 1218 844 notionem
1247 781 1278 843 in
1302 777 1450 843 Graecis

308 884 424 949 litteris
458 887 490 949 et
523 887 697 949 nascentem
734 887 765 948 et
800 888 984 949 crescentem
1011 888 1043 950 et
1073 885 1207 950 adultam
1239 885 1324 949 brevi
1356 903 1452 949 con·

307 990 461 1072 temptari.

375 1098 511 1161 Fortuna
544 1097 581 1160 ab
617 1096 751 1160 Homero
786 1097 903 1179 (hymn.
937 1097 972 1163 in
1009 1098 1074 1162 Cer.
1110 1095 1189 1181 420)
1224 1100 1255 1160 et
1293 1097 1451 1162 Hesiodo

311 1203 429 1287 (theog.
455 1204 533 1285 360)
557 1205 795 1267 commemorata
813 1221 881 1265 non
912 1222 947 1287 ea
974 1222 1038 1267 esse
1061 1204 1194 1280 ridetur,
1224 1222 1301 1283 quae
1324 1206 1450 1284 postea

311 1311 347 1372 ut
370 1309 504 1372 Fortuna
527 1307 768 1390 praedicabatur,
791 1327 975 1391 quamquam
1000 1308 1166 1374 Pausanias
1189 1309 1257 1391 (IV.
1283 1309 1339 1393 30)
1367 1309 1450 1372 Ho-

311 1414 389 1478 meri
417 1412 518 1478 locum
549 1414 676 1478 afferens
709 1417 837 1478 annotat
871 1415 955 1495 prius
984 1433 1043 1478 non
1073 1433 1215 1496 apparere
1250 1413 1443 1479 Fortunam.

311 1521 458 1597 Alcman,
493 1538 563 1583 cum
597 1519 758 1600 praecipue
794 1520 839 1582 rei
872 1520 1013 1602 publicae
1042 1521 1165 1602 Tychen
1195 1522 1326 1602 spectet,
1362 1538 1446 1583 eam

310 1645 444 1692 sororem
467 1625 614 1691 Justitiae
637 1626 730 1705 atque
752 1624 848 1688 liliam
866 1625 988 1690 divinae
1004 1627 1216 1691 Providentiae
1239 1625 1384 1690 nominat
1403 1628 1442 1708 ¹).

313 1731 488 1798 Nonnullae
521 1730 612 1795 nrbes
641 1731 805 1794 Fortunam
837 1749 908 1812 prae
941 1732 1051 1796 ceteris
1084 1731 1242 1797 adorantes
1275 1731 1445 1813 praeclara

312 1839 428 1920 templa
450 1835 660 1914 aedificabant,
683 1836 729 1900 ita
750 1839 787 1900 ut
810 1841 965 1901 matumm
981 1839 1099 1920 Tyches
1121 1839 1238 1902 cultum
1256 1857 1308 1919 per
1330 1839 1442 1901 totam

310 1943 470 2011 Graeciam
500 1942 643 2007 diffusum
673 1942 874 2024 reperiremus
889 1942 924 2027 2).
977 1943 1050 2008 Sine
1079 1944 1172 2008 dubio
1206 1945 1294 2027 tycho
1328 1944 1442 2025 priore

312 2053 449 2130 tempore
472 2048 597 2112 maioris
621 2048 770 2113 momenti
793 2047 855 2112 fuit
877 2048 914 2113 ad
938 2048 1057 2114 cultum
1080 2069 1170 2133 quam
1194 2050 1233 2114 ad
1255 2049 1379 2113 litteras
1400 2068 1442 2113 ac

311 2156 445 2238 priorum
470 2153 583 2218 animis
605 2153 705 2237 magis
727 2157 764 2218 ut
793 2153 848 2217 dea
877 2154 1054 2219 hominihus
1083 2155 1213 2220 secunda
1239 2175 1274 2219 ac
1296 2156 1441 2237 propitia
1491 2154 1492 2163 ’

311 2262 453 2344 percepta
475 2260 522 2323 cst
544 2278 635 2342 quam
658 2262 694 2323 ut
718 2259 812 2323 dubia
834 2259 977 2341 variaque
993 2261 1115 2325 fortuna
1130 2265 1222 2342 atque
1237 2279 1333 2336 casus,
1353 2279 1441 2343 quae
1491 2326 1492 2377 1

312 2365 446 2449 cognitio
470 2364 569 2429 multo
592 2368 660 2446 post
682 2367 786 2429 exorta
808 2366 864 2429 cst.

379 2471 529 2535 Pindarus
551 2471 662 2553 tychen
679 2471 711 2535 in
727 2471 842 2553 hymno
857 2471 1083 2552 praedicaverat
1107 2472 1230 2553 (fragm.
1249 2481 1300 2548 13,
1316 2490 1347 2554 p.
1364 2479 1437 2538 565
1490 2528 1491 2531 ,

312 2577 475 2662 Bocckh.),
505 2595 595 2660 quam
629 2576 700 2642 aliis
730 2595 847 2660 quoque
877 2577 1065 2641 carminibus
1094 2576 1218 2641 urbium
1247 2577 1377 2642 salutem
1396 2580 1436 2662 ³),
1490 2606 1491 2615 ν

311 2684 407 2748 filiam
431 2683 534 2770 Ζηνὸς
547 2670 749 2768 Ἐλευθερίου
766 2685 798 2746 et
814 2682 979 2767 Σώτειραν
994 2683 1071 2747 dicit
1087 2682 1220 2766 (Olymp.
1237 2684 1308 2747 XII.
1328 2687 1437 2768 lsqq.)
1490 2708 1492 2835 ρ

312 2789 488 2874 praedicans
516 2790 553 2853 ab
584 2806 619 2853 ea
648 2791 730 2853 terra
760 2788 897 2872 marique
931 2788 1013 2853 bella
1047 2789 1264 2871 hominumque
1300 2791 1438 2855 consilia

312 2985 353 3038 De
377 2984 468 3053 tycho,
494 2982 648 3053 praesertim
675 2983 744 3053 quod
768 2983 802 3036 ad
827 2982 968 3052 ancipitem
995 2982 1051 3035 eius
1078 2981 1294 3051 significationem
1321 2984 1435 3052 attinet,

313 3073 400 3128 confer
418 3072 498 3126 etiam
512 3071 709 3141 explicationem
729 3071 800 3141 apud
818 3071 847 3125 1.
862 3070 1031 3138 Schmidt,
1049 3069 1131 3124 Ethilr
1148 3071 1195 3124 der
1206 3072 1277 3124 alten
1292 3069 1435 3140 Griechen,
1489 3102 1490 3143 p

312 3162 403 3215 Berlin
422 3161 501 3216 1882.
525 3160 547 3214 Ι.
573 3177 598 3230 p.
617 3159 715 3230 52sqq.
754 3159 826 3224 Quae
845 3160 944 3229 scripta
961 3176 1020 3212 cam
1038 3160 1123 3213 omnia
1142 3162 1200 3213 tum
1217 3159 1382 3214 Welclrerum
1403 3163 1434 3214 et
1489 3146 1490 3157 ἶ

314 3251 383 3305 inira
401 3250 504 3320 saepius
522 3249 638 3303 conferas
656 3250 722 3303 volo.
830 3274 833 3279 ⁴

387 3340 414 3405 1)
437 3338 509 3392 Plut.
535 3337 568 3391 de
591 3336 666 3391 Rom.
690 3337 751 3390 fort.
777 3337 809 3389 4:
835 3337 904 3389 arua
931 3339 1039 3408 μᾶλλον
1060 3332 1206 3398 Ἐὐνομίας
1232 3341 1279 3391 καὶ
1307 3344 1434 3399 Πειθοῦς

318 3427 491 3498 &dalmairaci
510 3431 695 3498 Προμαθείας
712 3420 861 3496 θυγάτηρ,
880 3427 915 3485 ὡς
933 3428 1090 3494 γενεαλογεῖ
1105 3420 1233 3498 Ἀλκμάν.

385 3514 415 3579 2)
433 3514 473 3567 De
492 3515 583 3582 tyches
603 3515 686 3581 cultu,
708 3513 875 3582 imaginibus,
899 3512 1005 3581 templis
1027 3512 1193 3567 conferantur
1211 3513 1324 3581 Zoiga‚
1343 3511 1431 3581 Tycha

313 3620 339 3657 u.
358 3602 487 3656 Nemesis.
514 3602 725 3671 abhandlungen
749 3604 833 3669 1817,
858 3618 883 3671 p.
902 3601 1000 3670 32sqq.
1036 3600 1069 3655 K.
1087 3601 1202 3668 Lehrs,
1225 3602 1243 3655 l.
1262 3618 1298 3668 a,
1323 3620 1348 3672 p.
1368 3602 1430 3656 180.

313 3692 341 3745 L.
360 3691 512 3758 Preller‚
537 3688 704 3745 Griechische
727 3690 889 3759 Mythologie
911 3689 940 3756 I,
965 3706 991 3759 p.
1016 3690 1069 3744 334
1077 3706 1147 3760 sqq.;
1170 3689 1309 3743 Rdmische
1326 3689 1431 3757 Mytho-
1488 3678 1490 3751 l

313 3779 394 3848 logie,
413 3796 438 3848 p.
457 3778 587 3850 552sqq.‚
611 3779 657 3833 ubi
680 3779 753 3832 varia
777 3778 908 3832 Fortunae
926 3795 1022 3846 genera
1039 3780 1067 3832 in
1085 3779 1191 3849 templis
1209 3778 1332 3833 adoratae
1349 3778 1430 3832 nomi·

313 3870 424 3920 nentur:
443 3865 472 3920 F.
491 3865 565 3934 Fors,
583 3867 673 3935 Virgo,
691 3867 801 3920 Publica
819 3867 873 3920 sire
890 3866 985 3936 Populi
1002 3866 1127 3933 Romani,
1145 3866 1265 3933 Privata,
1284 3866 1428 3932 Muliebris,

313 3955 460 4025 Equestris,
478 3955 602 4023 Barbam,
621 3955 720 4021 Virilis,
739 3954 812 4021 Seia,
830 3953 996 4025 Respiciens,
1015 3953 1181 4025 Obsequens‚
1199 3954 1316 4021 Viscum,
1333 3954 1427 4019 Dubia,

313 4043 414 4111 Brevis,
432 4044 551 4111 Manena,
569 4044 721 4110 Mammosa,
740 4042 841 4109 Reduru
859 4042 1020 4113 Tranquilla‚
1037 4044 1106 4110 Dux,
1120 4042 1286 4110 Primigenia.
1314 4042 1426 4107 Quorum
1487 4072 1488 4077 κ

314 4132 472 4202 templorum
490 4132 623 4202 permulta
639 4132 759 4185 nominat
771 4131 843 4185 Plut.
863 4131 896 4186 de
908 4132 983 4186 Rom.
998 4132 1057 4186 sort.
1073 4133 1098 4185 5.
1113 4132 1154 4185 10.
1175 4129 1282 4194 Quaest.
1296 4131 1370 4184 Rom.
1385 4128 1425 4183 74.

384 4220 413 4286 3)
431 4220 502 4274 Plut.
527 4220 559 4274 de
581 4221 656 4275 Rom.
680 4219 741 4274 fort.
766 4221 797 4274 4:
819 4216 868 4274 ‘cri
889 4222 943 4294 μὲν
967 4222 1022 4291 γὰρ
1044 4216 1172 4287 ἀπευθής
1193 4220 1265 4273 κατὰ
1285 4218 1427 4290 Πίνδαρον

316 4305 364 4362 ὀὐ
381 4308 413 4362 δὲ
432 4308 556 4380 δίδυμον
574 4313 733 4380 στρέφουσα
750 4305 911 4375 πηδάλιον’.
