3084 4834
292 527 330 591 τὸ
353 525 421 592 ἀπὸ
444 526 536 591 τοῦδε
559 522 673 592 δίδωσι
696 522 749 591 σοὶ
774 521 831 588 καὶ
854 518 927 605 ἐμοὶ
950 521 1204 608 προςαγορεύειν.
1236 523 1282 589 df.
1305 524 1409 589 Anab.

292 634 329 699 V.
354 643 384 699 2.
431 634 513 698 Hist.
538 632 590 699 Gr.
617 633 668 697 VI.
694 640 724 697 4.

359 738 474 818 Quinto
497 759 523 804 a.
549 739 619 805 Chr.
644 759 672 803 u.
698 737 818 802 saeculo
841 734 929 800 uobis
952 734 1073 799 fortuna
1092 736 1267 816 saepissime
1289 737 1321 800 in
1346 737 1413 802 illis

292 846 391 910 uerbis
425 845 557 928 publicis
586 841 701 932 ἀγαθῇ
734 843 810 929 τύχη
850 841 974 906 offertur
988 840 1024 924 ¹),
1054 860 1131 921 quae
1159 841 1197 905 ad
1228 861 1332 907 omnes
1362 863 1413 909 res

292 952 391 1017 adhuc
407 955 574 1016 crescentes
592 971 648 1016 nec
662 949 821 1032 perfectas,
844 949 881 1012 nt
895 947 1010 1028 optime
1026 948 1191 1025 evenirent,
1215 949 1412 1014 confereban·
1458 976 1460 979 ’

292 1061 352 1122 tur.
384 1059 420 1122 In
436 1058 675 1140 praefationibus
690 1055 900 1129 donationum,
915 1071 1079 1130 sacrorum,
1096 1052 1286 1119 decretorum
1300 1054 1413 1120 Graeci

292 1165 386 1252 τύχης
409 1163 537 1251 ἀγαθης
559 1162 736 1227 meminisse
766 1161 906 1225 solebant
934 1161 1037 1240 postca
1064 1159 1242 1243 plerumque
1265 1159 1413 1243 εὐτυχίας

292 1271 466 1336 nominatae
495 1269 665 1352 (Demosth.
691 1268 729 1331 V.
756 1270 827 1351 11),
857 1266 930 1330 deae
960 1285 1030 1329 cum
1065 1265 1141 1330 alibi
1176 1269 1243 1332 tum
1278 1268 1412 1333 Athenis

292 1377 379 1442 cuttu
401 1376 547 1440 fiorentIs.
594 1376 643 1439 Ita
666 1374 772 1457 tyches
795 1372 931 1455 cognitio
951 1370 1041 1454 longe
1063 1372 1184 1455 lateque
1206 1392 1238 1437 se
1260 1375 1413 1456 pandebat

292 1484 325 1548 in
348 1481 458 1547 Graeci
481 1481 585 1565 populi
610 1481 750 1563 opimone
774 1479 874 1563 quarti
904 1478 1018 1542 saeculi
1047 1497 1065 1543 a
1092 1479 1265 1544 rhetoribus
1293 1482 1413 1548 Atticis

291 1589 443 1673 praeclare
485 1588 681 1652 manifestata
719 1586 859 1650 omnium
904 1604 1004 1649 rerum
1051 1586 1252 1651 humanarum
1298 1590 1412 1670 guber-

292 1696 440 1761 natricem
456 1694 711 1777 praedicantibus.
744 1692 802 1757 Sed
825 1710 897 1773 prae
919 1691 1042 1755 fortuna
1065 1692 1109 1755 dii
1133 1693 1297 1775 imperium
1320 1714 1411 1760 suurn

292 1802 486 1875 obtinebant,
515 1821 571 1865 nec
601 1800 662 1864 nisi
692 1817 758 1864 raro
793 1797 1004 1863 diffidentibus
1033 1798 1186 1863 dubitatio
1221 1801 1412 1881 movebatur,

291 1928 330 1974 an
353 1907 412 1972 diis
427 1907 582 1989 potentior
603 1905 651 1970 vel
675 1905 739 1969 sola
761 1906 803 1969 sib
825 1923 903 1985 quae
926 1904 1065 1968 consulat
1087 1906 1192 1987 generi
1215 1907 1349 1971 humano
1364 1908 1414 1972 vis

291 2014 410 2101 (Iturip
435 2012 516 2097 Cycl.
537 2020 609 2077 606.
633 2013 709 2076 Η11.
734 2012 821 2094 491).
855 2010 1076 2092 Aristophanes
1098 2029 1217 2095 quoque
1240 2014 1317 2094 (Pax
1335 2022 1411 2080 939.

290 2118 472 2204 1111544)
496 2118 620 2201 perinde
643 2120 734 2201 atque
758 2116 920 2199 Euripides
944 2118 1194 2197 (Ρ1ο111.1209)
1217 2119 1277 2183 diis
1299 2122 1412 2204 tychen

291 2227 464 2309 adiungunt
488 2228 519 2290 11
534 2226 623 2290 Plato
646 2224 742 2308 (leges
758 2223 811 2289 IV.
831 2223 907 2305 709)
930 2222 1032 2289 decet:
1056 2224 1100 2302 ὡς
1121 2225 1201 2302 θεὸς
1222 2223 1412 2308 nicodoro

291 2330 348 2398 καὶ
377 2332 461 2414 μετὰ
491 2337 572 2397 θεοῦ
599 2330 676 2417 τύχη
707 2328 765 2394 καὶ
794 2329 907 2416 καιρὸς
936 2330 979 2393 τὰ
1009 2328 1205 2416 ἀνθρώπινα
1235 2336 1412 2418 κυβερνῶσι

291 2439 478 2522 σύμπαντα.
517 2438 658 2503 Oratores
674 2455 743 2501 uero
766 2435 867 2500 Attici
882 2437 924 2520 ²),
948 2436 981 2500 in
1004 2435 1114 2519 primis
1138 2438 1357 2504 Demosthenes
1379 2442 1413 2504 11

290 2544 468 2622 Aeschines,
485 2543 578 2626 primi
597 2541 762 2624 imperium
780 2542 920 2608 omnIum
935 2561 1037 2607 rerum
1054 2544 1256 2608 humanarum
1271 2544 1412 2611 fortunae

292 2651 444 2716 tribuunt.
478 2651 565 2714 Dem.
589 2650 629 2714 ΙΙ.
656 2657 715 2714 22:
738 2648 862 2736 μεγάλη
886 2649 972 2736 ῥοπὴ
994 2649 1119 2731 μᾶλλον
1142 2647 1178 2714 δὲ
1193 2649 1268 2716 ὅλον
1291 2654 1311 2740 1)
1334 2653 1412 2741 τύχη

291 2757 385 2842 παρὰ
407 2744 510 2820 πάντ’
536 2754 606 2821 ἐστι
629 2756 671 2820 τὰ
694 2767 759 2820 τῶν
782 2754 969 2843 ἀνθρώπων
991 2755 1181 2842 πράγματα.
1220 2758 1411 2823 11111111111.

292 2862 352 2946 leg.
379 2872 459 2928 131:
491 2861 547 2927 διὰ
576 2863 633 2949 τὴν
655 2861 764 2949 τύχην,
794 2858 973 2949 ἣπύντων
995 2857 1065 2927 ἐστὶ
1087 2859 1193 2948 κυρία.
1239 2864 1283 2927 Ea
1306 2883 1413 2929 omnes

291 2968 437 3036 secundos
459 2987 563 3033 rerum
592 2967 637 3033 rei
666 2967 807 3048 publicae
836 2969 1001 3049 proventus
1029 2968 1136 3033 afferre
1167 2972 1198 3034 et
1225 2970 1413 3052 periculosas

291 3075 497 3158 expeditiones
525 3074 563 3138 ad
592 3073 685 3138 finem
714 3073 882 3139 secundum
911 3075 1074 3156 perducere
1104 3077 1215 3156 potest.
1266 3076 1356 3142 Dein.
1385 3078 1412 3143 I.

288 3192 352 3248 29:
376 3192 433 3268 τῆς
455 3179 585 3267 ἀγαθῆς
606 3181 703 3267 τύχης
725 3181 810 3268 ἡμᾶς
834 3177 892 3245 ἐπὶ
915 3180 954 3244 τὸ
975 3177 1104 3264 βέλτιον
1127 3179 1273 3269 ἀγούσης.
1320 3184 1411 3250 Dem.

291 3287 378 3353 XIX.
404 3295 463 3354 55:
493 3300 558 3351 τῶν
587 3287 681 3372 παρὰ
712 3297 769 3374 τῆς
798 3285 894 3374 τύχης
923 3284 1117 3373 εὐεργεσιῶν.
1163 3288 1217 3360 IV,
1242 3297 1300 3354 12:
1323 3289 1412 3376 τύχη,

291 3394 373 3481 ἥπερ
403 3391 453 3458 dat
481 3391 610 3476 βέλτιον
639 3393 659 3480 ἢ
687 3393 780 3480 ἡμεῖς
809 3393 898 3479 ἡμῶν
925 3391 1182 3476 ἐπιμελούμεθα.
1228 3393 1286 3459 Sed
1315 3396 1412 3460 etiam

290 3498 601 3582 rerumpublicarum
624 3499 819 3564 adversarum
842 3517 963 3563 eausmn
986 3500 1061 3563 1111
1076 3500 1132 3564 dea
1154 3501 1289 3583 praebet.
1320 3502 1410 3569 Dem.

290 3606 407 3672 XVIII.
432 3614 513 3672 303:
541 3605 561 3693 ἢ
589 3601 743 3688 δαίμονός
773 3627 861 3682 τινος
888 3605 909 3692 ἢ
936 3603 1032 3692 τύχης
1063 3601 1152 3687 ἰσχὺς
1180 3607 1414 3694 ἢστρατηχῶν

215 3701 219 3709 ’
291 3711 456 3801 φαυλότης
490 3712 509 3800 ἢ
544 3723 610 3775 τῶν
644 3710 866 3796 προδιδόντων
898 3712 959 3788 τὰς
993 3711 1109 3791 πόλεις
1141 3712 1230 3795 ὑμῶν
1259 3711 1360 3778 κακία
1390 3715 1413 3803 ἢ

290 3817 403 3883 πάντα
436 3827 550 3883 ταῦτα.
610 3817 744 3882 Fortuna
778 3819 868 3900 atque
904 3818 1063 3888 hominum
1098 3819 1197 3884 virtus
1230 3819 1413 3886 coniunctae

291 3942 402 4007 magna
433 3922 604 4006 perficiunt.
659 3923 804 3988 Aeschin.
833 3925 874 3988 11.
906 3933 988 3991 118:
1018 3926 1038 4013 1)
1066 3923 1126 4008 μὲν
1153 3925 1230 4013 τύχη
1260 3923 1318 3990 καὶ
1348 3923 1413 3992 ‹ui-

363 4098 391 4163 1)
410 4098 467 4151 vide
485 4097 641 4153 documenta
658 4099 729 4171 apud
747 4100 837 4168 Lehrs,
857 4101 875 4155 l.
895 4118 925 4168 1.,
944 4119 969 4171 p.
990 4101 1088 4172 17811.

362 4187 390 4252 2)
414 4185 454 4241 cf.
478 4186 513 4241 H.
532 4187 658 4255 Μ1111,
682 4189 732 4243 Die
756 4189 961 4258 Vorstellungen
987 4207 1036 4244 von
1062 4188 1186 4245 GottheIt
1203 4191 1258 4244 und
1276 4191 1414 4247 Schichsal

291 4274 333 4328 bei
360 4275 410 4329 den
439 4276 571 4332 attischen
598 4278 729 4333 Rednern.
777 4278 1002 4334 Fleckeisens
1027 4279 1191 4333 Jahrbiicher
1225 4281 1277 4335 139
1309 4282 1413 4350 (1889),

291 4382 318 4434 p.
335 4363 454 4435 445111.
