3084 4834
643 400 803 410 ummmmmmmmn

165 500 331 581 ἒναύτοῖς
360 503 522 590 διαφορὰς
550 502 637 585 act,
667 504 837 571 ostenditur
865 525 913 571 nes
939 505 1078 573 adversas
1100 526 1221 591 perraro
1244 528 1281 577 ex

163 611 286 676 fortuna
314 610 460 693 pendere,
494 610 546 675 sed
576 629 680 677 causas
711 630 815 676 earum
837 612 1016 695 plerumque
1047 614 1080 678 in
1103 633 1224 682 morum
1245 635 1282 682 ae

163 716 330 782 libidinum
354 715 531 782 diversitate
553 717 738 800 quaerendas
761 736 826 784 esse
842 721 874 801 ¹).
920 720 1048 797 Brutus,
1073 730 1131 788 40:
1154 720 1283 810 ἀγαθὴν

161 822 273 906 μέντοι
291 823 394 910 ψυχὴν
409 817 528 905 ἔχωμεν
549 818 596 900 εἷς
618 823 676 911 τὴν
690 823 785 912 τύχην
804 822 996 912 ἀφορῶντες,
1020 808 1051 914 ᾗ,
1075 827 1134 893 κάν
1147 827 1281 911 βουλευ-

162 929 301 1012 σώμεθα
323 942 442 1008 κακῶς,
466 928 618 995 ἀπιστεῖν
640 928 676 995 ού
697 927 842 1008 δίκαιονς
866 949 942 1015 quae
961 932 1052 997 verba
1074 934 1188 1000 Brutus
1208 938 1281 1000 ante

161 1055 300 1120 pugnam
325 1036 555 1119 Philippensem
579 1036 726 1102 Messalae
750 1037 845 1116 dixit,
875 1038 961 1105 ouius
989 1058 1025 1103 ax
1053 1041 1281 1106 commentariis

162 1143 200 1209 de
224 1143 305 1208 bello
327 1142 414 1208 civili
437 1142 622 1208 Plutarchus
644 1143 777 1225 sumpsit
790 1144 825 1226 ²).
866 1145 903 1208 de
926 1143 978 1209 lib.
1005 1144 1090 1211 edna.
1116 1153 1152 1211 8:
1176 1146 1280 1212 πλου-

161 1273 219 1328 τος
242 1248 279 1315 δὲ
301 1245 410 1331 τίμιον
430 1247 498 1332 μὲν,
522 1247 606 1314 ἀλλὰ
628 1248 723 1338 τύχης
745 1261 863 1338 κτῆμα,
887 1247 1000 1338 ἐπειδὴ
1024 1264 1089 1316 τῶν
1109 1250 1170 1335 μὲν
1192 1251 1280 1334 ἒχύν-

162 1463 281 1551 ήνεγιε.
334 1461 371 1527 de
401 1463 489 1528 Rom.
522 1462 592 1528 fort.
627 1473 662 1529 1:
696 1460 795 1551 αὐτὴν
824 1464 881 1551 τὴν
909 1463 951 1528 τά
980 1464 1091 1530 πάντα
1122 1478 1279 1550 γεννῶσαν

162 1571 239 1658 ἡμῖν
268 1567 325 1635 καί
348 1567 510 1656 φέρουσαν
540 1569 637 1656 φύσιν
659 1564 691 1634 oi
712 1567 774 1652 μὲν
796 1570 890 1658 τύχην
912 1561 996 1636 εἶναι
1018 1568 1216 1654 νομίζουσιν,
1246 1569 1278 1640 οἶ

161 1676 200 1743 δὲ
230 1672 358 1764 σοφίαν.
406 1685 442 1743 2:
470 1677 553 1760 μετὰ
582 1681 663 1742 θεοῦ
691 1676 795 1765 τύχην.
842 1676 909 1757 Quo
932 1678 998 1743 Ιοοο
1026 1697 1062 1743 ac
1092 1678 1199 1745 multis
1230 1699 1278 1747 se·

159 1783 328 1866 questibus
350 1783 473 1849 fortuna
495 1785 598 1866 aperte
621 1786 657 1849 ut
675 1784 780 1848 divina
795 1784 941 1867 quaedam
959 1785 1004 1850 vis
1018 1787 1177 1863 tractatur,
1201 1805 1278 1870 quae

159 1889 358 1972 impersonali
375 1892 483 1955 natura
497 1890 587 1973 plane
602 1890 713 1956 amissa
727 1890 883 1972 personale
907 1910 1021 1956 numen
1036 1891 1134 1957 diuini
1157 1894 1278 1976 generis

158 1996 222 2062 sibi
236 1998 390 2063 conscium
413 1996 458 2061 fit.
500 2005 535 2064 9:
560 1993 656 2074 θείας
678 1996 777 2085 τύχης
792 1994 1077 2085 ἐπιτροπευούσης.
1118 2009 1175 2065 11:
1198 1996 1278 2089 θείᾳ

158 2100 198 2168 δὲ
220 2101 344 2192 πομπῇ
366 2102 424 2169 καί
438 2103 599 2186 πνεύματι
614 2103 717 2191 τύχης.
756 2102 793 2168 de
808 2103 897 2169 Alex.
912 2104 982 2170 fort.
998 2105 1024 2181 Ι,
1042 2115 1097 2171 11:
1119 2106 1277 2195 καθάπερ

156 2211 233 2276 τινὰ
265 2210 359 2298 τύχης
397 2210 569 2299 βασιλικῆς
608 2208 733 2293 νέμεσιν
773 2209 1017 2294 συγκαλύπτων.
1073 2212 1157 2278 Illud
1197 2215 1278 2297 apud

159 2316 361 2384 Plutarchum
385 2317 540 2384 narissime
563 2322 709 2397 versatur,
733 2320 912 2400 regnantem
937 2317 1089 2383 fortunam
1113 2320 1145 2385 in
1169 2319 1277 2403 primis

158 2423 341 2489 honestioris
369 2444 404 2489 ac
434 2422 594 2489 nobilioris
627 2423 742 2489 ordinis
778 2423 956 2489 bominibus
987 2424 1214 2508 iniquissimam
1244 2429 1278 2493 et

157 2530 329 2614 malignam
353 2550 432 2606 esse,
461 2532 496 2596 nt
518 2530 603 2615 quasi
638 2532 801 2613 componat
832 2530 1043 2614 transigatque
1066 2534 1169 2596 sortes.
1217 2531 1276 2599 Sed
1361 2555 1364 2559 ’

158 2637 279 2716 omnia,
308 2657 384 2721 quae
414 2637 523 2703 Graeci
554 2638 591 2701 de
620 2636 745 2702 deorum
776 2635 893 2702 invidia
927 2635 1039 2703 animis
1067 2640 1276 2721 conceperant,

156 2742 197 2808 ad
219 2743 330 2826 tyohen
352 2761 471 2827 qnoque
494 2742 763 2808 transferebantur.
809 2741 931 2822 Quaest
954 2743 1043 2808 Rom.
1070 2752 1128 2811 74:
1150 2743 1212 2811 ὅσα
1235 2745 1275 2834 δὴ

153 2847 199 2933 μὲ
221 2854 427 2932 καταμαθών
456 2850 494 2915 τὸ
524 2851 617 2935 παρὰ
638 2850 754 2936 μικρὸν
781 2847 833 2915 ἀεί
862 2860 919 2936 της
946 2848 1041 2937 τύχης
1069 2848 1154 2936 μέγα
1177 2850 1275 2917 δυνά·

154 2978 260 3040 μενον.
306 2956 342 3021 de
365 2956 444 3039 iate,
470 2966 506 3022 7:
535 2950 642 3021 αἴτιον
669 2953 729 3038 μὲν
751 2954 792 3043 δή
814 2979 847 3020 τι
870 2955 890 3042 ἦ
918 2955 1005 3045 τύχη.
1028 2990 1073 3003 -
1102 2958 1141 3022 τὸ
1162 2955 1274 3039 μέντοι

155 3063 465 3152 κατὰσυμβεβηκός,
488 3062 566 3128 ὅταν
586 3063 632 3151 μὴ
653 3061 752 3145 μδνον
774 3058 808 3128 ἐν
830 3065 901 3141 τοῖς
923 3059 1015 3129 ἴνειά
1037 3085 1094 3128 τοο
1116 3059 1274 3152 γίγνηται,

155 3171 241 3237 ἀλλὰ
263 3169 321 3236 καί
344 3169 378 3236 ἐν
407 3159 457 3248 οἷς
486 3171 506 3258 r}
535 3166 742 3257 προαίρεσις,
773 3168 847 3235 τότε
875 3169 915 3258 δὴ
937 3169 995 3235 καί
1024 3169 1063 3235 τδ
1085 3167 1154 3235 ἀπὸ
1176 3170 1272 3258 τύχης

155 3276 442 3365 προσαγορεύεται.
466 3314 507 3325 -
531 3277 584 3343 διὸ
615 3275 672 3342 καί
701 3275 905 3364 ἀπρονόητον
934 3272 1046 3342 αἰτίαν
1073 3274 1130 3342 καί
1152 3274 1272 3365 ἀδηλον

155 3381 355 3471 ἀνθρωπίνην
371 3381 516 3471 λογισμῷ
538 3384 596 3472 τὴν
617 3383 711 3471 τύχην
731 3381 897 3450 ἀπέδοσαν
917 3395 983 3449 τῶν
997 3381 1105 3448 πύλαι
1120 3378 1209 3450 ἔνιοι.
1225 3419 1271 3432 -

156 3491 207 3556 διὸ
229 3491 287 3557 καί
309 3492 348 3558 τδ
370 3490 430 3575 μὲν
453 3489 650 3575 αὐτόματον,
680 3491 787 3556 κοινὸν
810 3487 960 3575 ἐμψύχων
984 3487 1021 3556 τὲ
1047 3487 1105 3555 καί
1126 3488 1270 3578 ἀψύχων.

157 3596 235 3685 ἡδὲ
255 3598 332 3687 τύχη
355 3593 442 3663 ίδιον
465 3595 662 3684 ἀνθρώπου,
692 3594 752 3686 ἤδη
783 3595 940 3684 πράττων
961 3594 1147 3678 δυναμένου.
1193 3596 1271 3664 (lum

156 3722 260 3771 musae
289 3706 498 3787 rationesque,
529 3704 641 3789 quibus
668 3703 920 3789 Volkmannue⁸)
951 3703 1033 3771 hunc
1062 3703 1178 3770 librum
1207 3704 1271 3784 „de

154 3811 244 3877 lato“
268 3812 319 3877 cui
341 3811 532 3890 inscribitur,
556 3810 715 3876 Plutarchi
739 3830 803 3876 esse
825 3812 933 3895 negat,
957 3829 1078 3893 prorsus
1099 3811 1271 3894 exploratae

152 3918 359 4002 agnoscendae
388 3919 453 3984 sint
481 3921 514 3984 et
542 3937 560 3983 a
590 3917 706 3983 Zellero
719 3918 745 4002 ⁴)
775 3936 893 4002 quoqne
926 3917 1015 4001 (lieet
1040 3918 1208 3984 mutantias
1235 3915 1270 3983 in

224 4097 252 4162 1)
270 4095 308 4152 cf.
326 4097 359 4153 R.
376 4095 563 4151 Volkmann
580 4095 599 4150 l.
618 4112 649 4162 α,
672 4094 710 4164 11,
729 4096 790 4151 109.

223 4186 252 4251 2)
270 4184 308 4241 cl.
326 4184 360 4240 H.
379 4186 500 4253 Peter,
518 4184 590 4240 Hist.
609 4184 684 4240 Rom.
702 4186 805 4254 bagm,
823 4183 926 4255 Lipsiae
944 4184 1024 4251 1883,
1037 4200 1063 4254 p.
1082 4182 1144 4237 266.

223 4275 251 4341 3)
268 4275 286 4330 1.
305 4290 327 4328 c.
346 4273 368 4342 1,
388 4274 441 4330 146
449 4291 506 4345 sqq.

222 4363 252 4429 4)
267 4363 317 4418 Die
334 4363 502 4434 Philosophia
520 4363 566 4418 der
585 4359 712 4421 Griechen
730 4361 784 4430 111,
802 4362 828 4429 2,
845 4378 872 4433 p.
892 4361 943 4417 159
949 4377 1006 4431 sqq.

1014 4450 1031 4504 3
1038 4448 1054 4482 *
