3084 4834
160 490 284 556 nionem
314 489 466 572 professus
481 493 505 573 ¹)
536 490 672 574 ignorat,
704 511 780 575 quae
813 493 858 557 vis
888 493 1047 557 hominum
1076 512 1125 557 res
1155 493 1278 577 dirigat.

159 599 241 663 Ann.
267 598 320 662 VI.
345 605 401 662 22:
434 596 513 673 „sed
537 598 632 675 mihi,
662 599 737 663 haec
766 618 802 663 ao
830 599 906 664 talia
929 599 1082 677 audienti,
1106 600 1138 664 in
1162 600 1279 665 incerto

159 704 312 770 iudicium
335 706 391 780 est,
415 703 518 768 fatone
542 723 589 768 res
611 705 790 769 mortalium
813 708 845 770 et
868 705 1048 771 necessitate
1078 706 1278 784 immutabili,

158 831 198 876 an
229 811 306 875 forte
336 810 532 875 volvantur“.
586 809 642 874 Sed
673 812 822 876 virtutem
852 811 979 877 maximi
1014 811 1178 877 aestimans
1208 833 1278 895 gra-

158 917 319 983 vissimum
344 935 446 981 rorum
470 919 625 980 auctorem
649 920 738 1000 putat
767 936 802 981 ac
831 937 997 1000 propensus
1024 921 1071 983 est
1092 918 1130 983 ad
1154 938 1201 983 res
1224 939 1278 985 na·

156 1023 315 1088 ‘ruralibus
337 1022 435 1088 causis
458 1022 658 1105 explicandas.
705 1024 787 1087 Hist.
810 1024 835 1088 Ι.
860 1034 896 1089 4:
922 1027 1064 1101 „utnon
1090 1025 1177 1090 modo
1193 1045 1279 1091 casus

157 1134 344 1211 eventusque
367 1149 480 1207 rerum,
504 1131 556 1213 qui
580 1130 759 1214 plerumque
776 1130 898 1196 fortuiti
914 1135 994 1208 sunt,
1019 1131 1070 1196 sed
1086 1132 1164 1196 ratio
1183 1134 1278 1197 etiam

157 1255 324 1319 causaeque
348 1240 548 1301 noscantur“.
594 1239 710 1301 Tamen
739 1238 840 1302 vanae
869 1257 904 1302 ac
932 1238 1042 1303 dubiae
1070 1239 1151 1304 vitae
1175 1244 1277 1305 muta·

156 1343 262 1408 tiones
284 1343 426 1407 Taciturn
451 1362 485 1407 eo
507 1342 707 1421 adduxerunt,
731 1348 767 1409 ut
790 1345 949 1409 obscuram
965 1363 1000 1409 ao
1015 1346 1198 1411 mutabilem
1213 1347 1278 1411 vim

158 1451 309 1514 humanas
337 1467 386 1513 res
414 1468 519 1532 regere
548 1449 660 1514 credat.
713 1450 795 1514 Ann.
827 1451 883 1515 111.
916 1458 973 1516 18:
1010 1452 1132 1531 „mihi,
1164 1456 1277 1537 quanto

156 1557 246 1639 plura
274 1555 446 1620 recentium
476 1576 529 1621 seu
557 1559 696 1621 veterum
726 1557 863 1635 revolvo,
898 1559 985 1621 tanto
1015 1559 1113 1641 magis
1142 1560 1277 1625 ludibria

156 1683 260 1728 rerum
285 1661 463 1727 mortalium
486 1664 605 1728 cunctis
627 1664 661 1727 in
685 1663 818 1745 negotiis
841 1664 1071 1729 obversantur“.
1118 1666 1223 1749 Itaque
1239 1666 1277 1731 ad

156 1769 313 1834 fortunam
338 1769 479 1852 confugit
494 1770 629 1847 Tacitus,
645 1770 732 1834 euius
747 1772 931 1852 potestatem
948 1771 1112 1836 maximam
1128 1772 1274 1855 agnoscit.

156 1876 218 1941 Sed
241 1876 438 1959 gravissimos
461 1876 550 1941 modo
572 1877 654 1941 locos
677 1877 765 1941 nobis
788 1876 883 1942 citare
905 1877 1012 1955 liceat,
1036 1898 1106 1942 oum
1128 1877 1202 1962 qnid
1226 1898 1276 1944 co·

156 1982 305 2066 gitaverit
339 1983 464 2047 Tacitus
498 1983 534 2047 de
570 1982 673 2048 divina
705 1984 811 2047 mundi
841 1984 1059 2067 gubernatione
1088 1984 1151 2049 iam
1185 2004 1274 2067 saepe

155 2090 323 2154 tractatum
347 2089 389 2153 sit
415 2091 435 2171 ).

225 2195 332 2259 Tacito
362 2196 484 2260 fortuna
514 2196 618 2261 divina
647 2196 800 2278 dignitate
830 2199 922 2278 atque
949 2197 1132 2263 auctoritate
1160 2197 1221 2263 frui
1244 2201 1276 2265 et

155 2303 239 2367 iusto
269 2301 395 2367 consilio
425 2304 572 2368 humanas
603 2322 651 2367 res
679 2303 811 2386 dirigere
842 2303 972 2371 videtur.
1019 2305 1102 2369 Anu.
1131 2306 1186 2370 ΙΙΙ.
1217 2315 1274 2373 18:

157 2409 295 2493 „quippe
318 2409 399 2474 fama
422 2428 474 2492 spe
497 2409 691 2474 veneratione
714 2410 817 2492 potius
840 2428 946 2474 omnes
969 2410 1200 2477 destinabantur
1216 2413 1276 2476 im-

155 2516 263 2598 perio,
298 2535 388 2598 quam
424 2535 515 2599 quern
548 2516 687 2581 futurum
723 2500 892 2599 principem
932 2517 1054 2582 fortuna
1088 2518 1120 2581 in
1156 2519 1275 2583 occulto

154 2623 315 2688 tenebat.“
346 2624 416 2688 XII.
441 2632 502 2688 41:
528 2623 708 2700 „fortunam
731 2624 890 2706 utriusque
913 2628 1152 2705 praesumeret“.
1190 2625 1273 2690 XVI.

158 2738 218 2794 11:
250 2729 466 2812 „servavitque
497 2729 635 2815 ordinem
665 2730 823 2794 fortuna“.
877 2730 959 2795 Hist.
990 2731 1013 2794 I.
1041 2740 1098 2797 10:
1128 2730 1275 2808 „occulta

153 2835 226 2918 lege
248 2835 305 2899 fati
329 2838 361 2900 et
383 2837 511 2901 ostentis
533 2854 569 2901 ae
583 2837 733 2918 responsis
748 2836 935 2901 destinatum
951 2837 1133 2919 Vespasiano
1153 2837 1274 2902 liberis-

229 3103 256 3168 1)
275 3101 313 3156 Cf.
333 3101 368 3155 M.
388 3103 640 3169 Zimmormann,
665 3102 705 3155 De
723 3101 813 3156 Tacito
831 3102 941 3156 Senecae
959 3103 1108 3173 philosophi
1132 3102 1272 3155 imitatore.

154 3191 266 3244 Breslau
288 3192 367 3246 1889.
456 3244 460 3251 .

227 3280 254 3346 9)
272 3279 305 3333 K.
324 3280 563 3348 Hoffmeistor,
588 3280 638 3333 Die
661 3279 906 3349 Weitansohaunng
930 3281 975 3334 des
998 3280 1113 3334 Tacitus.
1149 3279 1274 3347 Beitrtge

156 3385 204 3421 zur
227 3369 494 3423 wissenschaftlichen
519 3369 651 3422 Kenntnis
677 3369 722 3422 des
747 3366 852 3422 Geistos
877 3369 923 3422 der
947 3369 1035 3423 Alten.
1073 3370 1097 3422 l.
1122 3367 1273 3421 Banoehen

155 3457 239 3512 Essen
257 3460 335 3526 1831,
354 3475 380 3528 p.
399 3460 442 3513 99.
479 3458 507 3513 F.
527 3458 558 3513 Α.
578 3458 751 3527 Scharpff‚
780 3458 844 3512 Eine
862 3459 1035 3526 Darsteilung
1053 3458 1099 3511 der
1116 3457 1273 3527 politischen

156 3546 211 3601 und
229 3547 367 3616 reiigibsen
385 3547 531 3601 Ansichten
550 3547 595 3600 des
614 3547 729 3614 Tacitus,
748 3546 966 3601 Rottwei11843.
995 3546 1037 3600 W.
1056 3546 1273 3612 Boetticher‚

155 3635 342 3705 Prophetisoho
360 3636 487 3690 Stimmen
507 3654 554 3690 aus
572 3637 639 3690 Rom
658 3638 719 3690 oder
738 3637 786 3689 das
805 3636 963 3691 Christliohe
987 3637 1023 3689 im
1041 3636 1155 3690 Tacitus.
1188 3636 1213 3689 2.
1233 3635 1272 3689 Ti.

154 3723 293 3793 Hamburg
312 3727 390 3780 1840.
426 3725 462 3780 Μ.
482 3725 511 3780 Τ.
530 3725 673 3793 Fabian,
698 3725 766 3792 Quid
792 3725 898 3779 Tacitus
923 3726 955 3779 de
978 3725 1084 3778 numine
1102 3725 1189 3777 divino
1207 3724 1274 3777 iudi·

154 3814 261 3880 caverit,
280 3815 350 3882 Lyci(
368 3815 446 3870 1852.
483 3814 508 3868 J.
529 3813 560 3869 G.
579 3815 686 3882 Pfaff,
709 3815 758 3868 Die
783 3812 929 3868 Ansiohten
954 3815 1000 3867 des
1018 3814 1124 3867 Tacitus
1143 3814 1207 3866 iiber
1225 3813 1272 3866 das

154 3902 259 3956 sittlioh
278 3901 355 3970 outo,
374 3903 501 3972 Marbnrg
520 3904 597 3958 1858.
634 3903 668 3958 Ν.
687 3903 842 3969 Liebert‚
862 3904 900 3956 De
919 3904 1038 3957 doctrina
1051 3904 1164 3956 Tacitea.
1201 3902 1271 3956 Dies.

153 3992 243 4060 inaug.
280 3991 428 4062 Wiirzburg
446 3995 524 4049 1868.
561 3992 589 4048 F.
608 3993 811 4061 Voigtland,
836 3991 906 4057 uuio
930 3993 1042 4046 senserit
1060 3992 1167 4046 Tacitus
1185 3990 1217 4044 de
1235 3990 1273 4044 di·

153 4081 216 4134 vina
234 4097 320 4135 rernm
338 4082 511 4137 humanarum
529 4082 715 4147 moderatione,
733 4082 883 4150 Meiningen
899 4084 977 4138 1870.
1004 4082 1029 4136 J.
1048 4081 1187 4146 Mulier,
1201 4070 1273 4134 Uber

154 4170 197 4223 die
216 4170 445 4240 philosophischen
463 4171 517 4225 und
535 4172 674 4239 religidsen
691 4169 903 4239 Ansohauungen
922 4171 968 4224 des
986 4170 1107 4236 Tacitus,
1126 4169 1273 4222 Innsbrnck

153 4259 245 4317 1874.
276 4259 304 4314 C.
329 4259 357 4314 F.
380 4261 572 4328 Rausohke‚
596 4260 665 4325 Quid
690 4259 797 4313 Tacitus
823 4260 855 4313 de
880 4261 967 4313 divina
990 4276 1076 4312 rerum
1098 4259 1273 4312 humanarum

153 4365 219 4401 cura
236 4365 266 4402 ac
284 4349 459 4404 moderatione
478 4350 597 4417 senserit,
616 4350 736 4403 Zwickau
755 4349 833 4404 1875.
