3084 4834
154 472 244 539 illam
267 491 284 536 e
311 470 452 536 Platonis
478 469 670 552 philosophia
697 469 866 534 doctrinam
893 488 954 533 non
976 470 1067 536 unius
1094 470 1272 553 disciplinae

154 578 276 661 legibus
298 576 467 652 astrictm
491 595 568 660 quae
591 596 660 641 cum
685 577 875 659 Pythagorea
897 577 1089 660 philosophia
1111 578 1273 643 coniuncta

154 687 222 750 erat
251 688 284 749 et
313 703 434 749 causam
464 682 622 765 roligionis
655 681 875 747 defendendam
904 692 1091 764 susceperat,
1122 683 1273 766 professus

153 792 279 856 omnino
314 789 453 855 Platonis
486 788 681 854 idealismum
716 788 956 871 repraesentavit
990 807 1026 854 ac
1060 789 1212 869 defendit,
1241 795 1273 857 et

152 897 276 980 propria
304 915 358 962 sua
387 896 502 979 pietate
532 915 568 961 ac
596 895 746 979 religione
775 898 808 960 et
836 895 875 959 ab
902 896 1028 977 Epicuri
1057 895 1218 979 impietate
1241 901 1274 963 et

153 1024 173 1069 a
203 1003 370 1070 stoicorum
396 1003 514 1068 ratione
550 1002 700 1067 mundum
738 1001 839 1084 ipsum
874 1001 965 1066 deum
1000 1003 1189 1067 censentium
1223 1024 1272 1068 re-

154 1111 266 1190 cessit,
307 1112 359 1175 sed
397 1110 436 1175 ad
474 1108 613 1175 Platonis
648 1109 797 1191 pietatem
835 1112 868 1173 et
904 1108 954 1173 dci
993 1109 1272 1192 comprobationem

153 1216 302 1283 adductus
324 1218 379 1281 est.

222 1322 403 1401 Sedenim,
434 1321 507 1406 quid
530 1321 711 1404 cogitaverit
734 1321 919 1387 Plutarchus
946 1321 983 1386 de
1012 1321 1072 1387 diis
1101 1340 1137 1388 ac
1162 1323 1272 1389 mundi

153 1430 374 1512 gubernatione
398 1431 501 1493 nostra
524 1446 583 1492 uon
607 1427 745 1506 interest,
770 1427 829 1493 nisi
852 1431 1000 1511 quatenus
1020 1429 1126 1512 tyches
1148 1431 1271 1494 notione

152 1535 342 1614 illustretur,
378 1535 423 1600 ita
457 1537 493 1600 ut
526 1534 769 1617 philosophicam
804 1535 965 1600 Plutarchi
994 1534 1164 1600 doctrinam
1199 1535 1271 1600 dili-

152 1641 276 1725 gentius
290 1640 473 1724 perscrutari
494 1640 698 1706 omittendam
722 1639 811 1705 nobis
833 1659 897 1706 esse
920 1640 1069 1719 videatur,
1092 1642 1235 1724 praesert'

154 1768 223 1812 cum
248 1766 284 1812 ea
306 1748 368 1812 mm
391 1766 479 1830 saepe
507 1747 546 1812 ab
574 1746 645 1811 aliis
667 1746 840 1813 accuratius
862 1746 1013 1830 explicata
1034 1748 1077 1813 sit
1091 1750 1125 1832 ¹).
1171 1749 1272 1814 Immo

152 1854 242 1919 nobis
268 1854 417 1933 sufficiat,
447 1853 526 1937 quod
552 1853 658 1937 tyches
686 1853 821 1918 notionis
848 1854 948 1919 varias
973 1853 1211 1937 significationes
1237 1855 1270 1920 in

153 1960 315 2026 Plutarchi
338 1960 480 2044 operibus
502 1961 655 2025 exhibitas
677 1959 800 2042 planius
822 1960 1020 2044 cognovimus
1045 1979 1081 2027 ac
1102 1964 1271 2044 pertracta·

153 2067 253 2131 vimus
282 2070 314 2132 et
342 2067 436 2132 simul
471 2085 562 2133 nouas
591 2066 731 2151 quamvis
759 2067 883 2150 exiguas
912 2086 947 2133 ac
979 2070 1088 2134 tenues
1119 2068 1272 2152 symbolas

152 2173 190 2236 ad
219 2173 296 2237 clari
330 2191 433 2238 rerum
468 2176 624 2257 gestarum
654 2173 812 2256 scriptoris
844 2193 880 2239 ac
914 2193 1035 2239 morum
1068 2175 1271 2258 praeceptoris

151 2277 302 2343 rationem
326 2279 507 2363 diligentius
529 2279 755 2362 percipiendam
778 2281 975 2347 contulimus.

219 2384 269 2448 Ad
292 2388 463 2450 extremum
485 2386 583 2451 nostri
604 2386 713 2452 iudicii
736 2406 889 2452 summam
914 2388 1085 2470 aperientes
1114 2408 1270 2456 censemus

153 2492 370 2569 Plutarchum,
398 2492 584 2577 simulatque
613 2493 647 2558 in
676 2494 782 2577 tyches
803 2494 937 2560 notionis
959 2494 1213 2578 significationem
1237 2497 1270 2562 in

152 2597 321 2664 moralibus
336 2599 408 2678 suis,
433 2619 508 2683 quaa
524 2600 678 2679 dicuutur,
700 2601 823 2683 planius
838 2600 1049 2667 declarandam
1069 2602 1181 2683 inruat,
1204 2604 1270 2670 eius

150 2702 217 2767 vim
255 2706 345 2787 atquc
383 2706 599 2772 auctoritatem
637 2706 822 2786 detrectare,
868 2727 939 2774 cum
977 2708 1137 2774 hominum
1175 2713 1270 2776 sortes

150 2809 331 2894 plerumque
349 2831 385 2876 er
408 2813 544 2896 ipsorum
568 2814 694 2878 consilio
717 2834 752 2880 ac
775 2815 891 2881 virtute
914 2816 1044 2898 pendere
1067 2816 1193 2897 iudicet,
1216 2818 1268 2883 sed

150 2917 284 2981 eundem
306 2937 339 2982 rc
362 2938 432 2984 vera
455 2919 488 2983 in
511 2920 601 2984 rebus
625 2919 722 3003 gestis
748 2921 924 2988 enarrandis
949 2923 1068 3006 saepius
1092 2923 1131 2988 ad
1157 2926 1268 3008 tychen

150 3022 315 3105 confugere
338 3026 463 3109 eiusque
485 3028 667 3109 potestatem
690 3046 861 3110 agnoscere.

218 3129 277 3196 Sed
300 3131 489 3198 absolvamus
512 3134 574 3198 iam
597 3134 676 3199 hanc
699 3133 957 3217 dissertationem,
985 3156 1061 3220 quae
1083 3157 1122 3202 ne
1143 3137 1266 3205 brevem

149 3274 362 3283 ——-——-.

222 3344 250 3409 1)
267 3343 414 3398 Eichhof
419 3346 440 3413 f,
459 3336 530 3400 liber
547 3346 689 3401 Plutarohs
707 3348 943 3417 religibs-sittliche
965 3348 1156 3418 Waltansicht,
1179 3351 1268 3420 ulba-

148 3432 202 3486 leld
229 3434 309 3488 1833.
354 3432 389 3488 H.
417 3434 611 3502 Schrsiter,
639 3437 679 3489 De
706 3436 826 3490 doctrina
852 3437 990 3491 Plutarchi
1016 3441 1045 3491 et
1070 3439 1216 3510 theologica
1239 3446 1268 3497 ot

149 3522 250 3589 morali,
268 3522 372 3591 Lipsiae
391 3524 469 3577 1836.
507 3524 660 3578 Zeitschrift
678 3525 720 3578 fiir
737 3525 803 3581 hist.
821 3525 910 3580 Theol.
929 3526 974 3581 VI.
1003 3525 1034 3581 G.
1053 3527 1214 3597 Nitasch,
1227 3531 1267 3585 Dc

148 3609 293 3664 Plutarcho
312 3609 434 3678 theologo
452 3615 481 3665 et
497 3614 652 3684 philosopho
666 3615 794 3684 populari.
822 3615 880 3669 Iud.
899 3616 959 3669 loct.
996 3615 1056 3671 Kicl
1074 3618 1152 3673 1849.
1189 3619 1218 3675 C.
1234 3619 1265 3676 G.

148 3696 299 3766 Seibert‚
317 3698 358 3752 De
376 3700 537 3770 apologetica
555 3703 692 3757 Plutarchi
710 3703 898 3758 Chaeronensis
914 3704 1052 3773 theologia.
1087 3707 1157 3760 Dies.
1177 3708 1265 3777 inaug.

147 3785 284 3857 Marpurgi
303 3789 381 3843 1854.
418 3788 451 3842 R.
470 3789 676 3859 Volkmann,
694 3792 795 3859 Leben,
814 3792 944 3847 Schriften
962 3794 1018 3848 und
1035 3795 1202 3866 Philosophia
1220 3797 1266 3851 des

146 3874 275 3929 Plutarch
292 3894 342 3930 von
360 3877 508 3946 Charonea,
532 3879 622 3934 Berlin
645 3881 723 3936 1869.
760 3881 869 3948 Stein,
895 3881 1050 3937 Graschichte
1073 3884 1119 3937 des
1137 3884 1267 3940 Platonis-

147 3980 207 4017 mus
224 3964 260 4031 11,
279 3966 396 4038 260sqq.
434 3966 464 4022 Ο.
483 3968 676 4037 Fabricius,
702 3970 754 4023 Zur
778 3970 916 4038 religidscu
934 3970 1202 4040 Anschauungswcisc
1219 3975 1266 4029 des

146 4051 289 4121 Plutarch,
313 4054 478 4125 Kdnigsberg
502 4057 581 4111 1879.
618 4057 649 4117 Ο.
675 4057 815 4125 Greard,
839 4060 879 4113 De
903 4060 931 4113 la
947 4062 1044 4115 morale
1063 4062 1095 4115 de
1112 4063 1264 4134 Plutarque.

146 4140 195 4195 111.
215 4142 256 4196 cd.
274 4142 350 4197 Paris
369 4146 448 4200 1880.
484 4146 526 4201 W.
544 4146 703 4215 Moellor,
729 4138 800 4202 Uber
824 4148 866 4201 die
890 4149 1010 4218 Religion
1033 4151 1187 4219 Plutarcho,
1205 4152 1265 4207 Kiel

147 4230 226 4284 1881.
262 4229 293 4285 E.
312 4231 443 4301 Zeller,
461 4231 695 4305 Die‘Philosophic
714 4236 760 4290 der
775 4235 910 4292 Griecheu.
935 4238 984 4293 ΠΙ.
1004 4239 1044 4294 sd.
1062 4240 1167 4310 Leipzig
1185 4243 1263 4299 1881.

146 4318 196 4374 111.
215 4320 241 4389 2,
259 4337 286 4392 p.
306 4321 421 4393 159sqq.
