3084 4834
292 447 484 512 documentis
506 446 568 511 iam
597 467 651 529 per
681 446 820 532 singulos
848 467 933 513 casus
956 448 1143 526 ostenditur,
1173 470 1265 533 quam
1288 471 1414 534 parram

291 552 356 618 uim
372 553 537 619 contulerit
552 552 674 618 fortuna
688 555 726 619 ad
743 554 908 619 Alexandri
923 555 1028 638 magni
1044 574 1091 619 res
1110 558 1220 639 gestas.
1260 558 1413 625 Fortunae
1522 574 1523 647 ζ

293 658 444 724 auxilium
468 658 642 724 Alexander
664 661 848 742 promeritus
871 663 933 738 est,
964 661 1051 725 cuius
1073 680 1195 725 summa
1222 682 1270 727 res
1293 683 1414 746 semper

294 770 369 842 crat,
393 764 524 830 secunda
547 765 702 830 occasione
724 784 743 831 a
764 765 888 831 fortuna
910 766 981 831 data
1003 766 1157 849 sapienter
1178 768 1236 832 uti.

359 873 395 936 In
418 872 515 937 altera
529 871 632 936 eadem
649 871 687 936 de
710 892 742 937 re
763 872 898 938 oratione
919 873 1019 953 (cuius
1034 872 1068 937 iu
1083 874 1299 940 aestimatione
1315 876 1412 941 Volk-

291 997 404 1043 manuc
419 980 443 1062 ¹)
466 976 705 1061 adstipulamur,
735 978 788 1062 qui
811 998 878 1044 eam
902 978 1063 1044 Plutarchi
1085 998 1149 1044 esse
1172 984 1278 1046 contra
1300 982 1413 1047 Schae·
1522 1032 1523 1049 .

293 1085 393 1150 derum
428 1083 577 1167 defendit)
606 1103 788 1169 quamquam
823 1084 940 1150 multae
969 1084 1169 1168 repetitiones
1202 1087 1413 1166 inveniuntur,
1522 1124 1523 1155 1

293 1193 396 1255 tamur
436 1190 635 1272 plerumque,
674 1209 750 1274 quae
789 1195 972 1270 narrantur,
1010 1191 1072 1256 alio
1109 1195 1254 1257 contextu
1292 1194 1413 1278 aliaque

292 1296 410 1361 ratione
451 1295 534 1362 dicta
575 1300 662 1375 sunt,
702 1297 747 1362 ita
787 1300 824 1362 ut
864 1316 941 1362 nova
982 1297 1120 1380 exempla
1160 1300 1192 1363 et
1231 1303 1416 1382 argumenta

293 1403 422 1468 afferant
443 1422 567 1486 remque
590 1403 653 1468 iam
684 1404 785 1486 prima
815 1404 950 1468 oratione
980 1403 1170 1483 inchoatam,
1200 1408 1233 1470 at
1255 1405 1289 1469 in
1313 1407 1416 1472 medio

293 1507 434 1573 relictam
466 1508 589 1592 longius
622 1511 852 1591 prosequantur.
904 1511 940 1574 In
971 1510 1080 1594 primis
1108 1510 1277 1575 Alexandri
1308 1514 1416 1596 magni

293 1617 430 1695 tempore
463 1614 618 1678 sedunam
652 1615 767 1680 multas
797 1618 878 1680 artes
905 1617 937 1681 et
971 1616 1143 1699 ingeniosos
1176 1617 1324 1694 artifices,
1357 1618 1417 1684 du·

293 1738 358 1797 ces,
389 1719 584 1803 philosophos
611 1739 784 1802 procreasse
814 1724 846 1786 et
877 1721 1017 1787 elicuisse
1047 1723 1241 1800 conceditur,
1264 1742 1343 1805 quae
1366 1744 1417 1789 res

293 1825 501 1890 Alexandrum
526 1826 654 1891 minime
677 1826 830 1892 adiuvisse
853 1828 990 1905 videtur,
1020 1827 1072 1892 sed
1100 1848 1133 1892 re
1162 1829 1284 1895 inversa
1312 1833 1417 1895 osten-

294 1930 378 1996 ditur
413 1932 553 1996 omuihus
582 1933 631 1997 his
660 1932 780 1998 artibus
809 1936 841 1998 et
867 1933 1037 1998 artificibus
1064 1934 1347 2000 commodissimum
1383 1941 1418 2003 et

293 2037 530 2121 prosperrimum
558 2038 667 2116 inisse,
698 2058 748 2104 eos
774 2039 941 2104 Alexandri
968 2039 1157 2122 temporibus
1183 2042 1354 2120 exstitisse,
1382 2046 1418 2107 at

294 2162 363 2208 vero
387 2142 559 2208 Alexander
586 2145 667 2209 solus
689 2145 781 2209 huius
811 2145 920 2210 aetatis
948 2145 1164 2210 efflorescentia
1193 2149 1299 2212 auctor
1327 2167 1417 2230 prae-

294 2249 422 2316 dicatur.
474 2248 611 2331 Scriptor
644 2250 869 2316 illustrissimus
903 2254 935 2316 et
968 2250 1153 2316 clarissimas
1183 2252 1250 2317 eius
1283 2254 1418 2319 uirtutes

293 2355 400 2421 laudat
421 2357 457 2420 ut
480 2356 617 2420 omnium
641 2355 789 2421 bonorum
813 2360 977 2422 eventuum
996 2376 1101 2422 musas
1123 2357 1292 2442 fontesque.
1333 2359 1417 2439 Quin

291 2462 388 2527 etiam
411 2462 533 2527 somnne
548 2461 715 2526 Alexandri
731 2461 940 2545 magnitudini
954 2462 1084 2546 gloriam
1108 2481 1194 2527 suam
1218 2462 1319 2540 debet,
1343 2484 1416 2530 cum

293 2566 430 2632 moribus
447 2566 535 2632 modo
546 2566 722 2645 Alexandri,
741 2568 795 2651 qui
807 2586 925 2650 semper
936 2567 1088 2650 sapienter
1100 2587 1135 2632 ea
1146 2568 1189 2634 sit
1200 2588 1282 2648 usus,
1294 2573 1416 2637 tantam

294 2673 510 2739 auctoritatem
532 2675 623 2757 atque
645 2672 711 2738 vim
732 2673 841 2755 adepta
863 2674 915 2737 sit.
960 2673 1018 2739 Vir
1037 2673 1178 2739 infirmus
1200 2678 1292 2760 atquo
1315 2679 1416 2742 mino·

293 2779 380 2844 ribus
401 2779 520 2862 ingenii
535 2780 735 2844 facultatibus
751 2779 906 2862 praeditus
921 2780 1060 2844 fortunae
1082 2781 1201 2846 nullam
1225 2783 1415 2848 occasionem

295 2904 477 2968 causamque
505 2885 620 2968 gloriae
650 2884 868 2968 comparandae
896 2887 1037 2970 praebet3
1065 2906 1136 2951 nam
1166 2886 1324 2953 hominem
1353 2891 1415 2953 im·

294 2990 441 3056 becillum
460 3009 520 3055 non
537 3010 590 3056 sua
613 2991 709 3073 ipsius
724 2992 849 3070 virtute,
868 2991 920 3056 sed
939 2993 1061 3058 fortuna
1079 2991 1168 3058 modo
1193 2993 1414 3060 increscentem

294 3097 382 3163 breui
404 3097 562 3163 infirmum
586 3100 617 3162 et
633 3096 839 3163 miserabilem
854 3098 1062 3180 agnoscimns3
1085 3101 1138 3164 sed
1161 3099 1221 3164 viri
1244 3102 1417 3167 constantia
1522 3116 1523 3195 ἐ

294 3206 385 3287 atque
407 3200 550 3267 omnibus
572 3203 691 3286 ingenii
713 3222 750 3268 ac
773 3203 905 3286 corporis
927 3203 1096 3269 virtutibus
1118 3204 1251 3287 praediti
1274 3210 1330 3286 est,
1352 3206 1416 3272 for·
1522 3204 1523 3207 ’

294 3313 401 3376 tunam
419 3308 575 3375 adversam
591 3312 623 3375 et
637 3309 866 3392 iniquissimam
881 3308 1062 3393 impugnare
1077 3329 1113 3375 ac
1127 3329 1277 3393 superare.
1311 3313 1416 3379 Rehm

296 3415 430 3484 adversis
445 3418 477 3479 et
493 3415 558 3497 ipsa
573 3416 663 3498 tyche
679 3416 868 3498 repugnante
881 3414 1051 3480 Alexander
1070 3415 1239 3481 clarissima
1256 3416 1340 3483 facta
1351 3418 1417 3483 suis

296 3521 392 3605 ipsius
413 3520 599 3599 uirtutibus,
627 3520 759 3603 pietate,
781 3520 858 3594 fide,
880 3521 1099 3603 temperantia,
1122 3520 1330 3604 benignitate,
1353 3524 1415 3590 for-

294 3626 447 3704 titudine,
477 3625 746 3710 magnanimitate,
778 3626 987 3705 humanitate,
1022 3626 1223 3706 liberalitate,
1256 3628 1415 3708 firmitate,

296 3732 468 3798 mustautia
485 3732 622 3813 perfecit.
661 3732 695 3798 Si
711 3751 816 3798 omnes
831 3732 969 3798 omnium
986 3736 1158 3815 temporum
1173 3734 1414 3801 clarissimorum

294 3839 428 3904 virorum
445 3837 576 3904 virtutes
588 3838 773 3921 colligimus,
789 3838 957 3904 Alexandri
969 3839 1100 3922 gloriam
1115 3856 1151 3904 ac
1168 3839 1413 3923 magnitudinem

294 3944 398 4010 animo
426 3941 570 4026 effingere
605 3944 637 4008 et
666 3944 823 4026 concipere
851 3963 1018 4027 possumus.
1072 3943 1157 4025 Quae
1191 3945 1323 4012 virtutes
1351 3948 1412 4012 iam

294 4105 506 4114 -——-—---

367 4190 393 4260 1)
411 4181 484 4245 Uber
508 4190 550 4244 die
573 4188 700 4244 Echtheit
723 4206 773 4244 von
796 4190 939 4253 Plutarcho
963 4192 1068 4245 aweiter
1091 4191 1163 4246 Rode
1185 4208 1236 4246 von
1254 4192 1410 4247 Alexanders

295 4278 380 4335 Gliiclx
398 4279 460 4334 oder
477 4278 625 4333 Verdienst.
661 4258 883 4333 Fleche’ssens
901 4279 993 4334 Jahrb.
1012 4282 1062 4336 101
1082 4280 1182 4347 (1870),
1201 4298 1227 4351 p.
1247 4281 1364 4352 816sqq.
