3084 4834
132 467 290 545 ὡσαύτως
312 468 333 556 ἢ
355 478 414 534 τού
435 468 480 546 ὡς
503 466 561 534 ε’πὶ
583 470 621 534 τὸ
644 468 745 552 πολύ,
776 469 796 556 ἡ
823 467 860 535 δὲ
887 470 964 558 τύχη
987 469 1181 538 τούναντίον.
1226 470 1255 539 εί

132 572 194 657 μὲν
235 570 290 639 οὖν
330 575 368 641 τὸ
404 574 603 661 παραλόγως
639 575 864 661 ἐπιτυγχάνειν
903 577 999 665 τύχης
1038 578 1127 644 δοκεῖ
1160 571 1254 645 εἶναι.

133 681 288 746 Problem.
314 681 382 746 XV.
409 691 446 748 3:
476 679 513 747 ού
542 684 603 768 γάρ
632 682 670 770 δὴ
702 681 771 748 άπὸ
799 682 894 771 τύχης
922 706 957 768 γε
986 682 1066 749 αὐτὸ
1089 697 1258 763 ποιοῦντες

133 783 310 873 φαίνονται
332 784 390 852 καὶ
413 785 480 853 del·
504 789 542 853 τὸ
565 786 602 853 δὲ
624 787 754 854 αἰεὶκαὶ
784 787 843 854 ἐπὶ
866 789 999 855 πάντων
1028 789 1085 856 ούκ
1108 790 1177 856 άπὸ
1199 792 1256 856 τύ-

131 916 201 980 χης,
225 892 309 958 ἀλλὰ
332 893 479 982 φυσικόν.
526 896 572 960 De
595 894 688 973 caele,
712 897 737 973 Ι,
763 906 822 961 12:
844 894 965 979 τὸμὲν
988 898 1048 984 γὰρ
1073 896 1258 981 αύτύματόν

133 998 282 1065 ἐστικαὶ
305 1001 343 1065 τὸ
366 999 435 1067 ἀπὸ
457 1001 552 1089 τύχης
575 1003 669 1089 παρὰ
691 1003 729 1067 τὸ
752 1000 803 1067 άεὶ
825 1001 883 1068 καὶ
905 1004 943 1069 τὸ
966 1003 1011 1081 ὡς
1035 1002 1094 1069 ἐπὶ
1116 1005 1155 1069 τὸ
1170 1004 1257 1069 πολὺ

133 1106 214 1194 ἢύν
236 1106 257 1195 ἢ
283 1105 454 1192 γινόμενον.
500 1109 547 1173 De
569 1127 639 1192 gen.
663 1112 695 1175 et
718 1127 794 1174 corr.
816 1111 857 1174 11.
888 1118 924 1174 6:
954 1110 1030 1198 τύχη
1054 1108 1112 1176 ε’πί
1135 1111 1259 1177 τούτων

133 1210 337 1295 ὀνομάζεται,
360 1202 437 1278 ἀλλ’
463 1213 499 1279 σύ
522 1213 625 1299 λόγος.

203 1319 278 1385 Alie
307 1320 373 1386 loeo
403 1322 488 1403 (Edh.
518 1341 620 1404 magn.
650 1323 689 1387 ΙΙ.
721 1324 754 1408 8)
791 1341 938 1405 quaerens
971 1326 1092 1401 auctor,
1127 1325 1146 1411 η
1179 1322 1257 1412 τύχη

135 1425 275 1513 πότερον
297 1427 396 1515 φύσις
418 1427 438 1514 ἢ
460 1436 531 1506 νοῦς
553 1428 574 1517 ἢ
596 1427 689 1513 λύγος
712 1426 814 1516 ὀρθὸς
836 1429 857 1517 ἢ
886 1427 1058 1511 ἐπιμέλειά
1084 1454 1137 1507 τις
1158 1435 1258 1511 θεῶν,

134 1532 271 1598 affirmed
293 1533 376 1598 nihil
398 1552 434 1597 ex
457 1533 542 1599 hisee
565 1553 629 1600 esee
651 1534 754 1623 τύχην.
790 1535 872 1600 Nam
895 1535 972 1600 delia
995 1536 1098 1602 decet:
1122 1525 1192 1601 οὔτ’
1218 1536 1258 1601 ἂν

135 1633 228 1704 είποι
259 1662 311 1716 τις
342 1641 399 1727 την
428 1641 523 1728 τύχην
553 1641 598 1719 ὡς
627 1639 696 1707 ἐστὶ
726 1642 832 1730 φύσις.
880 1643 899 1729 ἡ
926 1643 988 1729 γάρ
1019 1642 1117 1730 φύσις
1146 1640 1197 1708 ἀεὶ
1220 1636 1261 1708 ού

135 1743 225 1811 ε’στὶν
255 1742 363 1826 αἰτία,
394 1747 509 1813 τούτου
539 1747 583 1825 ὡς
612 1745 670 1813 ἐπὶ
699 1748 738 1814 τὸ
767 1749 854 1814 πολὺ
882 1749 1078 1836 ἢὼσαύτως
1101 1749 1258 1837 ποιητική

135 1849 233 1932 ἐστιν,
257 1853 277 1939 η
300 1851 337 1918 δέ
358 1876 393 1937 γε
416 1854 493 1942 τύχη
517 1852 690 1935 οὐδέποτε,
714 1845 790 1919 ἀλλ’
816 1854 966 1932 ἀτάκτως
988 1852 1045 1920 καὶ
1075 1855 1119 1933 ὡς
1141 1851 1256 1936 ἔτυχεν.

138 1958 191 2025 διὸ
214 1959 234 2045 η
256 1958 332 2047 τύχη
356 1957 389 2024 ἐν
411 1963 482 2038 τοῖς
504 1960 666 2038 τοιούτοις
688 1959 825 2047 λέγεται.
872 1959 945 2027 ούτε
968 1961 1007 2049 δὴ
1029 1971 1102 2027 νοῦν
1125 1958 1161 2046 γε’
1182 1985 1257 2026 τινα

137 2063 276 2152 ἢλύγον
299 2062 417 2152 ὀρθάν·
439 2064 496 2131 καί
519 2068 581 2155 γάρ
604 2066 750 2132 ἐνταῦθα
781 2064 837 2148 ούχ
865 2063 961 2155 ἧττόν
989 2063 1059 2133 ἐστι
1081 2069 1119 2133 τὸ
1141 2090 1258 2153 τεταγ-

98 2194 102 2200 ’
135 2168 234 2256 με’νον
255 2169 313 2237 καί
336 2172 374 2238 τὸ
396 2170 448 2238 ἀεὶ
472 2172 635 2254 ὡσαύτως,
651 2175 671 2261 ἡ
686 2171 723 2239 dd
738 2173 815 2261 τύχη
831 2171 876 2239 ού.
908 2172 1034 2240 διὸκαὶ
1050 2168 1090 2240 ού
1102 2174 1259 2251 πλεῖστος

136 2287 211 2355 νοῦς
232 2277 290 2343 καὶ
313 2278 416 2364 λύγος,
440 2278 585 2346 ἐνταῦθα
607 2276 760 2368 ἐλαχίστη
783 2281 869 2368 τύχη,
893 2275 933 2345 ού
952 2278 989 2346 δὲ
1010 2278 1149 2368 πλείστη
1171 2281 1257 2369 τύχη,

136 2374 275 2450 ἐνταῦθ’
302 2382 470 2466 ἐλάχιστος
499 2397 579 2465 νοῦς.
625 2375 701 2451 ἀλλ’
735 2382 799 2474 ἆρά
829 2410 864 2473 γε
891 2388 910 2475 ἡ
940 2384 1068 2468 εὐτυχία
1098 2384 1186 2453 ἐστίν
1214 2387 1258 2464 ὡς

137 2488 310 2574 ἐπιμέλειά
332 2516 384 2570 τις
406 2497 512 2575 decem
535 2494 555 2581 ἢ
576 2482 667 2559 τοῦτ’
694 2492 751 2559 οὐκ
775 2493 814 2557 dv
844 2492 964 2572 δόξειεν
971 2523 982 2575 ,·
1012 2495 1070 2559 τὸν
1096 2495 1157 2580 γὰρ
1179 2493 1261 2559 θεὸν

136 2595 287 2680 ἀξιοῦμεν
315 2599 424 2686 κύριον
453 2612 518 2664 τῶν
554 2600 709 2664 τοιούτων
744 2601 817 2677 τοῖς
851 2596 956 2678 άξίοις
990 2598 1163 2683 ἀπονέμειν
1199 2597 1258 2664 καί

135 2702 272 2788 τάγαθά
301 2703 359 2770 καί
386 2707 428 2770 τὰ
456 2706 558 2786 κακά,
588 2706 608 2793 ἡ
637 2704 674 2771 δὲ
702 2705 779 2794 τύχη
814 2704 872 2770 καὶ
901 2704 970 2771 άπὸ
1005 2717 1063 2793 της
1089 2706 1184 2793 τύχης
1214 2705 1259 2783 ὡς

136 2808 274 2896 άληθῶς
296 2811 340 2888 ὡς
363 2811 402 2876 dv
423 2812 499 2900 τύχη
522 2808 653 2896 γίνεται.
700 2811 761 2892 Qui
783 2811 879 2890 loeus,
902 2831 972 2876 eum
996 2813 1129 2877 sciamus
1144 2813 1259 2894 Magne

137 2916 270 2982 Moralia
292 2936 368 3000 quae
391 2917 536 2985 dicuntur
563 2937 623 2984 nen
647 2919 685 2983 eb
708 2917 877 2983 Aristotele
900 2937 965 2983 esse
987 2919 1171 3002 conscripta,
1195 2918 1259 2983 dis-

136 3023 256 3105 cipules
274 3042 393 3108 queque
416 3024 483 3090 eius
502 3025 674 3106 quaestioni
696 3043 820 3106 operam
841 3024 958 3089 dedisse
981 3026 1077 3089 decet.

207 3129 264 3195 Sed
298 3131 387 3196 effert
420 3130 618 3214 philosophus
651 3132 741 3196 hasce
777 3149 897 3214 queque
932 3130 1027 3219 τύχης
1057 3130 1258 3194 definitiones.

137 3237 312 3320 Medaphys.
336 3239 375 3303 X.
395 3247 437 3304 e:
464 3238 484 3325 ἡ
511 3238 588 3325 τύχη
611 3226 646 3303 δ’
672 3232 780 3303 α’ίτιον
802 3238 887 3302 κατά
910 3238 1111 3325 συμβεβηκὸς
1133 3232 1167 3302 ἐν
1188 3239 1261 3313 τοῖς

139 3343 227 3408 κατὰ
250 3340 531 3431 προαίρεσιντῶν
553 3341 643 3409 ἕνεκά
666 3367 723 3409 τσο
746 3342 952 3429 γιγνομένοις.
983 3343 1035 3409 διὸ
1059 3341 1137 3429 περὶ
1159 3340 1259 3409 ταύτὸ

136 3449 216 3537 τύχη
258 3448 316 3514 καὶ
357 3449 503 3515 διάνοια·
543 3446 737 3537 προαίρεσις
778 3451 839 3537 γάρ
881 3448 918 3515 ού
962 3447 1062 3535 χωρίς
1102 3445 1260 3526 διανοίας.

138 3557 180 3620 τά
208 3544 243 3620 δ’
281 3551 374 3621 αἴτια
411 3555 547 3643 άύριστα
580 3545 644 3644 ἀφ’
679 3552 724 3621 ὧν
758 3556 798 3620 dv
827 3551 1021 3640 γίνοιτοτά
1051 3555 1120 3624 άπὸ
1153 3556 1260 3644 τύχης.

138 3662 193 3728 ύιὸ
215 3661 336 3751 άύηλος
358 3660 560 3750 ἀνθρωπίνη)
583 3661 728 3749 λογισμῷ
743 3661 802 3727 καί
817 3658 924 3728 αἴτιον
943 3664 1029 3728 κατὰ
1050 3662 1260 3752 συμβεβηκός,

141 3767 259 3846 ἁπλῶς
286 3757 319 3833 δ’
353 3767 487 3847 ούύενύς.
534 3770 626 3853 Phys
654 3771 695 3834 11.
727 3778 763 3836 5:
794 3770 813 3856 ἡ
841 3769 918 3857 τύχη
946 3766 1040 3834 αἰτία
1070 3771 1155 3835 κατὰ
1177 3790 1260 3850 σαμ-

139 3875 279 3962 βεβηκὸς
301 3873 335 3940 ἐν
362 3878 433 3953 τοῖς
462 3878 548 3940 κατὰ
576 3873 768 3963 προαίρεσιν
796 3889 861 3940 τῶν
890 3874 982 3941 ἕνεκά
1012 3899 1078 3941 του.
1110 3913 1152 3923 -
1181 3874 1262 3939 ὅθεν

138 3979 198 4046 καί
220 3981 240 4068 ἡ
262 3980 339 4069 τύχη
362 3991 420 4049 τοῦ
440 3979 592 4068 άορίστοο
608 3974 691 4048 εἶναι
708 3981 870 4048 δοκεῖκαὶ
886 3981 1004 4070 ίίύηλος
1020 3982 1198 4069 ἀνθρώπῳ.
1226 4018 1259 4028 -

138 4082 228 4154 ἔστιν
251 4084 359 4153 α’ίτιον
382 4089 426 4167 ὡς
449 4090 651 4177 συμβεβηκὸς
673 4090 693 4177 ἡ
716 4090 802 4177 τύχη,
820 4089 864 4166 ὡς
880 4076 912 4154 d'
935 4089 1050 4166 ἁπλῶς
1066 4087 1199 4164 ούύενύς.
1218 4123 1259 4133 -

139 4182 222 4260 ὥστ’
248 4192 362 4283 ἐπειδὴ
385 4194 523 4283 άύριστα
545 4197 588 4260 τά
611 4196 712 4273 ούτως
736 4190 845 4275 αίτια,
868 4193 926 4259 καὶ
949 4195 969 4281 η
995 4195 1072 4282 τύχη
1100 4193 1259 4280 ἀόριστον.

140 4302 233 4387 Phys.
257 4302 298 4367 ΙΙ.
324 4310 360 4368 8:
384 4303 487 4390 ἡγὰρ
511 4303 587 4390 τύχη
611 4315 675 4367 τῶν
690 4303 778 4367 κατὰ
794 4301 994 4388 συμβεβηκὸς
1009 4296 1131 4364 αἰτίων.
1167 4301 1262 4363 Perre
