3084 4834
169 456 407 545 μεγαλόψυχον.
456 469 514 526 19:
543 459 707 529 δύνασθαι
729 465 816 551 πρὸς
837 467 896 554 τὴν
923 466 1019 555 τύχην
1041 467 1196 557 ἀνεῳγόσι
1220 474 1291 549 τοῖς

169 560 315 647 ’ὄμμασιν
337 563 551 649 ἀντιβλέπειν.

238 671 304 736 Has
331 675 434 754 partes
460 692 526 749 ser,
555 674 588 738 iu
618 694 693 758 quas
721 678 828 761 tyches
855 679 1011 745 notionem
1041 682 1150 763 partiti
1176 701 1291 761 sumus,

170 778 288 860 optime
311 777 427 844 duabus
449 780 621 847 rationibus
636 782 773 849 subicere
789 803 961 866 possumus3
984 786 1105 853 scilicet
1127 789 1159 853 in
1179 789 1291 871 priori·

168 884 231 949 bus
252 886 397 968 quattuor
419 886 558 968 pertibus
580 887 656 954 haec
671 889 753 955 valet
767 891 856 968 ratio,
873 891 984 975 tychen
999 893 1099 958 adhuc
1114 893 1290 958 indifferen-

171 991 237 1055 tem
260 1009 324 1054 esso
346 990 428 1057 circa
450 1010 494 1070 ea,
516 1012 593 1077 quae
615 994 653 1060 ad
676 1015 725 1060 res
746 996 894 1062 secundas
915 998 947 1062 et
964 997 1104 1064 adversas
1126 998 1291 1082 pertinent,

170 1095 207 1159 in
229 1096 448 1177 posterioribus
470 1098 587 1164 duabus
609 1104 715 1166 contra
744 1100 824 1168 ratio
853 1103 1029 1186 agnoscitur
1057 1104 1149 1183 haec,
1179 1105 1289 1189 tychen

173 1200 272 1267 videri
301 1201 366 1267 rim
398 1207 512 1270 certum
541 1225 598 1271 nec
626 1206 834 1286 indefinitam,
863 1208 916 1274 sed
944 1212 1000 1275 aut
1027 1211 1191 1277 secundam
1221 1229 1290 1294 pro-

175 1307 346 1392 pitiumque
368 1313 423 1375 aut
445 1309 581 1395 iniquam
599 1316 630 1377 et
645 1312 812 1392 adversam,
835 1317 880 1379 ita
897 1317 934 1380 ut
956 1317 1109 1382 contraria
1130 1317 1163 1382 in
1186 1317 1293 1401 tyches

174 1414 300 1480 notione
322 1416 421 1498 posita
443 1416 506 1482 iam
528 1419 661 1485 alterum
683 1421 722 1486 ab
745 1420 842 1486 altero
866 1421 1013 1488 dissoluta
1034 1422 1108 1488 siut.

239 1523 348 1587 Restat
370 1524 407 1588 ut
428 1523 662 1603 consideremus,
685 1528 835 1610 quantum
859 1527 964 1613 tyches
985 1529 1134 1607 notiones,
1157 1547 1233 1611 quas
1254 1547 1292 1593 ex

171 1626 305 1712 singulis
337 1629 414 1695 locis
447 1631 661 1715 cognovimus,
695 1631 752 1710 iis,
787 1652 864 1717 quae
887 1634 1072 1700 Plutarchus
1105 1636 1139 1700 in
1167 1634 1291 1717 scriptis

171 1734 340 1800 moralibus
368 1736 516 1819 explicat,
545 1737 753 1820 suppleantur.
806 1739 906 1820 Quem
942 1740 980 1806 ad
1010 1740 1102 1806 finem
1131 1741 1292 1823 praecipue

171 1840 395 1923 disputationes
423 1844 488 1921 „de
516 1843 639 1910 fortuna
647 1851 676 1923 “,
709 1846 773 1923 „de
801 1848 1008 1912 Romanorum
1037 1847 1196 1924 fortuna“,
1226 1845 1291 1924 „de

171 1947 341 2013 Alexandri
377 1951 481 2033 magni
517 1950 581 2016 sivo
614 1952 738 2017 fortuna
770 1951 835 2018 sive
865 1954 1008 2019 virtute“
1044 1953 1232 2035 conscriptae
1260 1955 1292 2018 at

173 2053 305 2119 aliarum
328 2053 579 2122 dissertationum
602 2057 766 2123 nonnullae
789 2062 893 2141 partes
915 2058 1121 2142 respiciendae
1142 2061 1224 2124 sunt

241 2160 426 2226 Plutarchus
448 2161 481 2226 in
503 2181 595 2245 parra
625 2164 690 2242 „de
713 2163 850 2230 fortuna‘
889 2165 1151 2248 disputatiuncula
1164 2167 1189 2245 1)
1212 2162 1293 2229 illud

173 2283 194 2331 a
215 2265 352 2348 sapiente
376 2267 511 2333 dictum:
541 2268 617 2357 τύχη
633 2272 675 2335 τὰ
689 2275 822 2358 θνητῶν
843 2261 1029 2357 πράγματ’,
1052 2268 1111 2337 οὐκ
1132 2265 1292 2354 εὐβουλία,

175 2391 416 2439 commemorans
450 2394 520 2440 cum
558 2376 665 2441 acerba
698 2376 797 2443 ironia
829 2378 970 2462 quaerit,
1004 2377 1128 2442 nullane
1162 2375 1292 2454 iustitia,

175 2479 329 2562 aequitas,
358 2481 579 2563 temperantia,
611 2481 760 2549 modestia
782 2484 826 2549 sit
847 2485 880 2549 et
908 2482 943 2548 iu
964 2481 1152 2560 Aristidem,
1175 2481 1293 2564 Scipio·

96 2576 105 2593 '
173 2603 267 2663 nem,
298 2585 527 2667 Philocratem,
557 2588 763 2669 Lasthenem,
801 2590 1040 2674 Euthycratem,
1076 2586 1293 2666 Alexandrum,

174 2691 334 2771 Paridem,
362 2712 492 2777 quorum
521 2693 603 2760 facta
624 2694 663 2760 ad
685 2698 769 2761 certa
789 2696 868 2762 uitia
895 2697 951 2761 aut
973 2695 1104 2761 virtutes
1124 2691 1295 2760 reducenda

175 2796 258 2875 sint,
280 2818 319 2862 an
342 2799 465 2865 fortuna
486 2800 604 2884 aliquid
625 2801 780 2867 valuerit?
824 2800 883 2868 Sed
911 2821 983 2868 oum
1013 2801 1077 2867 sint
1105 2800 1171 2866 sina
1201 2797 1294 2864 dubio

174 2904 395 2986 temperantia,
418 2906 557 2986 iustitia,
579 2906 745 2990 fortitudo,
767 2908 836 2973 fons
858 2926 977 2992 quoque
1000 2926 1120 2986 earum,
1142 2904 1294 2988 sapientia

173 3009 405 3095 prudentiaque,
430 3031 494 3078 esse
509 3012 609 3081 debat.
640 3014 724 3095 Quae
746 3014 899 3097 sapientia
920 3014 993 3080 aliis
1014 3013 1047 3079 in
1064 3011 1293 3079 condicionibus

174 3115 237 3181 alia
259 3115 391 3197 videtur,
412 3117 503 3185 modo
525 3119 714 3186 abstinentia
734 3125 768 3186 et
782 3121 995 3203 temperantia,
1019 3119 1108 3185 modo
1130 3116 1294 3184 tolerantia

175 3224 207 3287 et
234 3221 399 3303 fortitudo,
429 3224 519 3291 modo
547 3225 686 3310 aeqmtas
714 3228 747 3292 et
776 3225 906 3294 iustitia.
953 3225 987 3292 si
1015 3223 1198 3308 sapientiam
1220 3242 1293 3306 pru-

175 3327 373 3413 dentiamque
401 3331 732 3413 praetermitteremus,
765 3352 870 3397 omnes
898 3350 1018 3415 quoque
1049 3331 1128 3396 aliae
1162 3331 1294 3394 virtutos

176 3434 409 3513 amitterentur,
438 3437 579 3503 homines
608 3457 640 3503 so
668 3437 759 3504 fortis
785 3438 924 3505 fortunae
951 3438 1081 3519 imperio
1108 3436 1294 3502 subicientes

176 3542 256 3605 nihil
277 3542 430 3608 discerent
450 3543 590 3629 nihilque
612 3546 808 3627 praestarent.
848 3543 966 3609 Deinde
986 3543 1171 3609 Plutarchus
1191 3543 1295 3608 omnia

176 3665 251 3730 quae
281 3648 443 3713 hominum
471 3667 577 3716 sensus
605 3651 801 3734 membraque
831 3652 1036 3735 exsequuntur
1063 3648 1293 3733 perficiuntque,

175 3753 215 3818 ad
235 3757 377 3819 naturam
399 3757 521 3821 revocat
543 3756 575 3820 et
596 3755 634 3821 ad
656 3755 840 3839 sapientiam
865 3756 1076 3840 rationemque
1103 3758 1140 3821 ut
1164 3754 1202 3820 ad
1229 3752 1293 3835 pri-

175 3878 262 3924 mum
292 3860 409 3926 iontem
440 3861 550 3940 refert,
580 3881 640 3946 qua
670 3862 780 3928 bestiis
808 3863 1023 3929 antecellimus
1050 3880 1158 3946 easque
1186 3878 1294 3944 quam·

175 3964 223 4030 vis
256 3965 418 4033 ualidiores
448 3971 480 4033 et
510 3968 542 4032 in
576 3969 686 4051 primis
721 3988 865 4034 sensuum
898 3969 1073 4036 subtilitate
1107 3968 1295 4050 praestantes

250 4145 277 4208 1)
295 4142 333 4198 Ci.
352 4144 520 4213 Welclrer,
546 4142 712 4200 Griechische
730 4144 898 4201 thterlehra
922 4147 965 4214 Π,
988 4148 1050 4212 809.
1085 4145 1115 4201 P.
1132 4145 1297 4214 Roesiger

174 4231 194 4285 1.
214 4248 244 4297 c.,
262 4249 288 4301 p.
310 4232 352 4286 14.
379 4232 408 4288 L.
427 4231 592 4300 Schmidt,
610 4231 692 4287 Ethilr
710 4233 757 4288 der
775 4235 848 4289 alten
862 4233 990 4290 Griechen
1008 4235 1031 4304 Ι,
1049 4237 1092 4293 60,
1119 4233 1150 4290 Ε.
1167 4234 1295 4295 Rohde,

175 4318 230 4373 Der
246 4320 406 4389 griechische
424 4320 524 4375 Roman
543 4321 598 4376 und
616 4322 686 4377 seina
704 4321 850 4392 Vorliuier,
867 4341 893 4394 p.
912 4324 973 4380 280.
