3084 4834
291 438 477 504 Aristoteles
510 440 567 526 τὴν
599 439 694 526 τύχην
727 437 917 526 παράλογόν
950 462 982 502 τι
1016 437 1164 502 nominat.
1196 437 1288 503 Rhet.
1320 438 1342 501 Ι.
1373 448 1414 504 5:

292 541 363 612 ἔστι
385 544 422 611 δὲ
444 543 502 610 καί
524 558 589 610 τῶν
611 546 705 633 παρὰ
728 544 821 629 λόχον
843 543 980 628 ἀγαθῶν
1003 539 1095 608 αἰτία
1118 543 1206 630 τύχη.
1253 545 1343 627 Phys.
1368 545 1413 609 ΙΙ.

292 660 329 717 5:
353 650 471 717 καὶτὸ
494 649 597 736 φάναι
620 642 703 719 εἶναι
725 675 759 715 τι
782 649 971 735 παράλογον
993 650 1050 738 τὴν
1072 650 1168 737 τύχην
1183 646 1302 735 ὀρθῶς.
1338 651 1410 716 mh.

291 759 368 823 Eud.
396 759 463 824 VH.
490 766 547 822 14:
576 758 634 845 την
663 755 759 844 τύχην
789 753 941 821 τιθέασιν
964 752 1074 821 αἰτίαν
1101 755 1257 841 ἀνάλογον
1280 755 1412 842 ἀνθρω-

290 861 378 950 πίνην
406 863 560 950 λογισμῷ.
606 863 832 929 Commemorat
862 862 955 928 etiam
983 863 1079 950 τύχην
1108 861 1272 947 ἀβέβαιον.
1319 864 1412 946 Phys,

291 971 331 1036 ΙΙ.
358 978 388 1035 5.

359 1076 418 1142 Sed
442 1075 598 1141 videamus
621 1095 711 1152 nunc,
734 1074 918 1158 quibuscum
941 1075 1012 1140 aliis
1034 1074 1212 1141 notionibus
1227 1075 1412 1141 Aristoteles

292 1185 350 1271 τὴν
361 1182 456 1268 τύχην
471 1183 671 1247 coniunxerit.
702 1182 828 1263 Saepius
843 1182 951 1247 latiore
966 1201 1057 1246 sensu
1069 1182 1201 1265 legimus
1212 1183 1411 1247 coniunctum

290 1288 475 1373 αάτάματον
502 1287 560 1354 καί
590 1289 694 1376 τύχην.
745 1289 916 1372 ΜολυμΙιχε.
943 1289 969 1353 Ι.
1001 1298 1037 1355 3:
1067 1276 1138 1353 οὐδ’
1171 1284 1212 1353 αὖ
1242 1286 1290 1373 τῷ
1314 1286 1411 1353 αύτο-

292 1395 387 1482 μάτηι
411 1394 469 1460 καί
492 1393 534 1483 τῇ
556 1396 633 1484 τύχη
655 1405 809 1460 τοσοῦτον
832 1391 1014 1482 ἐπιτρέψαι
1037 1405 1174 1480 πρᾶγμα
1190 1395 1300 1472 καλῶς
1322 1386 1409 1475 εἶχεν.

293 1503 339 1567 De
369 1505 447 1584 part.
476 1502 571 1568 anim.
600 1504 624 1567 Ι.
658 1513 693 1566 1:
722 1503 779 1566 τὸν
807 1489 842 1566 δ’
874 1499 1007 1588 οὐρανὸν
1040 1499 1109 1567 ἀπὸ
1138 1501 1234 1588 τύχης
1263 1498 1321 1566 καί
1354 1509 1412 1566 τοῦ

292 1607 478 1690 αὐτομάτου
511 1618 658 1674 τοιοῦτον
691 1619 855 1693 συστῆναι.
908 1609 998 1691 Phys.
1029 1608 1070 1673 ΙΙ.
1106 1616 1142 1673 5:
1176 1607 1250 1673 τότε
1284 1605 1410 1692 λέγεται

292 1714 363 1780 ἀπὸ
386 1713 592 1797 ταύτομάτου
615 1712 672 1779 καί
696 1712 764 1778 ἀπὸ
786 1713 890 1801 τύχης.
937 1714 1108 1798 MetaphyS.
1139 1715 1192 1779 VI.
1224 1725 1260 1780 7:
1290 1715 1411 1780 τούτων

292 1819 332 1886 δέ
365 1844 449 1898 τινες
483 1817 644 1905 γίγνονται
677 1818 736 1885 καὶ
770 1819 840 1885 ἀπὸ
874 1819 1078 1902 ταύτομάτου
1115 1818 1173 1885 καί
1210 1819 1280 1886 ἀπὸ
1317 1820 1410 1909 τύχης

291 1924 538 2016 παραπλησίως
561 1928 670 2014 ὥσπερ
694 1925 727 1992 έν
749 1929 820 2004 τοῖς
836 1926 904 1991 ἀπὸ
919 1929 1045 2014 φύσεως
1061 1924 1266 2012 γιγνομένοις.
1304 1926 1408 1991 Iddem

294 2038 340 2101 est
362 2035 439 2122 τύχη
463 2032 519 2099 καί
543 2030 673 2112 ἀταξία.
719 2034 766 2098 De
789 2036 866 2115 pam
890 2034 984 2098 anim.
1007 2035 1033 2097 Ι.
1059 2045 1095 2098 1:
1119 2031 1152 2098 έν
1175 2015 1202 2119 ᾦ
1225 2031 1294 2098 ἀπὸ
1316 2032 1409 2119 τύχης

292 2139 350 2206 καί
372 2137 512 2219 ἀταξίας
535 2129 606 2205 οὐδ’
631 2140 738 2206 ὁτιοῦν
760 2136 924 2228 φαίνεται.
970 2139 1095 2222 Saepius
1118 2140 1212 2204 etiam
1227 2137 1337 2227 τέχνην
1354 2136 1410 2205 καί

293 2247 388 2335 τύχην
420 2247 580 2330 coniungit
607 2245 800 2311 Aristoteles,
846 2248 918 2311 mh.
949 2246 1019 2311 Nic.
1048 2246 1102 2311 VI.
1134 2254 1171 2311 4:
1201 2244 1258 2311 καί
1288 2244 1409 2333 τρόπον

291 2355 367 2419 τινὰ
389 2352 467 2440 περί
490 2355 531 2418 τά
555 2351 638 2418 αύτά
661 2351 748 2418 ἐστιν
771 2354 791 2441 ἡ
814 2352 890 2440 τύχη
912 2350 970 2417 καί
993 2353 1013 2440 η
1036 2349 1143 2439 τέχνη,
1174 2350 1332 2439 καθάπερ
1355 2349 1410 2417 καί

291 2448 447 2545 Ἀγάθων
469 2458 550 2549 φησί
576 2449 693 2547 ((τέχνη
720 2459 815 2548 τύχην
844 2455 971 2547 ἔστερξε
1000 2459 1058 2524 καί
1087 2459 1164 2546 τύχη
1187 2447 1324 2546 τέχνην”
1356 2455 1408 2543 (of.

293 2568 409 2650 Agath.
432 2567 470 2631 fr.
497 2569 562 2649 6)..
584 2567 677 2632 Rhet.
700 2568 725 2631 Ι.
751 2575 787 2633 5:
812 2562 904 2630 αίτία
927 2553 960 2631 δ’
986 2563 1073 2631 ἐστιν
1095 2567 1115 2654 η
1137 2566 1213 2652 τύχη
1237 2561 1329 2630 ε’νίων
1353 2561 1411 2647 μὲν

292 2669 339 2738 ὧν
361 2670 419 2738 καί
443 2668 477 2738 αἳ
494 2671 611 2754 τέχναι.
646 2675 689 2738 De
708 2677 786 2755 part.
807 2672 901 2738 anim.
926 2674 952 2737 Ι.
978 2684 1014 2738 1:
1037 2671 1111 2761 ἡδὲ
1130 2670 1222 2759 τέχνη
1245 2669 1340 2755 λόγος
1355 2679 1412 2735 τοῦ

293 2775 387 2868 ἔρχου
413 2779 431 2845 ὁ
454 2778 526 2845 άνευ
550 2791 607 2867 της
630 2778 706 2867 ύλης
728 2776 826 2844 ἐστίν.
872 2777 1022 2857 καὶτοῖς
1044 2779 1113 2845 ἀπὸ
1135 2779 1230 2865 τύχης
1253 2775 1382 2860 ὁμοίως.

362 2885 421 2952 Sed
437 2889 712 2968 contraponuntur
735 2886 830 2950 etiam
854 2883 945 2973 τέχνη
968 2889 1001 2950 et
1015 2886 1101 2973 τύχη.
1133 2885 1304 2968 Metaphys.
1327 2885 1353 2949 Ι.
1377 2892 1411 2948 1:

294 2995 314 3082 η
336 2991 395 3076 μὲν
418 2993 478 3080 γάρ
502 2988 658 3079 ἐμπειρία
673 2989 784 3080 τέχνην
799 2988 960 3079 ἐποίησεν,
984 2993 1028 3070 ὡς
1051 2991 1130 3081 φησί
1150 2992 1278 3071 Πῶλος,
1302 2987 1412 3076 ὀρθῶς

293 3098 403 3184 λέγων,
422 3100 440 3187 η
456 3087 490 3164 ‹5’
509 3095 644 3184 ἀπειρία
667 3099 770 3185 τύχην.
812 3099 864 3164 VI.
890 3108 924 3163 7:
947 3111 1013 3163 τῶν
1034 3097 1071 3164 δέ
1086 3095 1278 3183 γιγνομένων
1292 3098 1334 3161 τά
1353 3094 1413 3180 μέν

293 3207 390 3293 φύσει
413 3203 564 3291 γίγνεται,
587 3207 629 3270 τά
652 3203 688 3270 δὲ
710 3202 811 3292 τέχνη,
835 3207 876 3269 τά
899 3203 936 3270 δέ
958 3204 1027 3271 ἀπὸ
1042 3204 1257 3289 ταύτομάτου.
1296 3204 1352 3268 XI.
1377 3215 1412 3270 3:

294 3313 314 3400 ἡ
349 3314 409 3399 γὰρ
444 3311 536 3401 τέχνη
571 3314 591 3401 ἢ
624 3313 720 3400 φύσει
753 3309 894 3397 γίγνεται
930 3312 950 3399 ἢ
984 3312 1060 3399 τύχη
1090 3312 1110 3400 ἢ
1145 3313 1193 3399 τῷ
1228 3308 1412 3396 αὐτομάτῳ.

294 3420 380 3483 Pom.
408 3428 463 3484 14:
487 3418 653 3508 ζητοῦντες
675 3421 737 3507 χάρ
760 3417 819 3484 ούκ
834 3418 903 3485 ἀπὸ
918 3417 1027 3506 τέχνης
1042 3407 1111 3483 ἀλλ’
1130 3418 1199 3484 ἀπὸ
1214 3418 1308 3506 τύχης
1323 3410 1413 3505 εύρον

293 3526 332 3591 τὸ
355 3535 501 3591 τοιοῦτον
523 3526 784 3613 παρασκευάζειν
805 3520 839 3590 ἐν
861 3530 932 3603 τοῖς
954 3526 1084 3608 μύθοις.

362 3630 488 3714 Saepius
510 3633 605 3721 τύχην
628 3634 755 3715 opponit
770 3633 956 3697 Aristoteles
978 3632 1081 3719 φύσει.
1120 3631 1290 3714 Metaphys.
1308 3630 1360 3694 VI.
1379 3639 1412 3696 7:

295 3738 416 3804 τούτων
439 3737 476 3804 δέ
498 3762 581 3816 τινες
595 3736 759 3824 γίγνονται
774 3738 832 3805 καὶ
847 3738 917 3805 ἀπὸ
933 3737 1138 3822 ταύτομάτου
1152 3736 1210 3803 καί
1227 3736 1296 3802 ἀπὸ
1318 3737 1413 3823 τύχης

295 3842 540 3934 παραπλησίοις
559 3848 669 3932 ὥσπερ
685 3844 719 3911 ἐν
740 3849 811 3923 τοῖς
833 3845 902 3911 ἀπὸ
924 3846 1050 3933 φύσεως
1065 3842 1269 3930 γιγνομένοις.
1304 3844 1360 3908 XI.
1378 3852 1412 3908 3:

294 3953 315 4042 ἢ
338 3953 399 4040 γὰρ
422 3951 513 4040 τέχνη
536 3952 674 4041 ἢφύσει
697 3949 839 4038 γίγνεται
868 3953 888 4041 ἢ
914 3953 990 4039 τύχη
1012 3953 1037 4041 ἢ
1066 3950 1114 4038 τῷ
1137 3948 1320 4036 αὐτομάτῳ.
1367 3950 1412 4014 De

294 4063 372 4141 part.
395 4059 489 4125 anim,
514 4062 537 4125 Ι.
564 4071 600 4126 1;
631 4055 663 4124 οἱ
691 4058 727 4124 ἀὲ
754 4071 818 4123 τῶν
839 4058 899 4143 μέν
921 4053 1012 4146 ζηλυν
1034 4055 1171 4124 ἕκαστον
1193 4056 1289 4145 φύσει
1312 4053 1413 4144 φασίν

295 4156 378 4231 εἶναι
401 4165 459 4232 καί
482 4164 644 4252 γενέσθαι,
668 4167 724 4231 τὸν
745 4155 780 4231 δ’
806 4164 939 4253 οάρανάν
961 4165 1031 4230 ἀπὸ
1045 4164 1140 4252 τύχης
1163 4162 1221 4228 καί
1236 4173 1293 4228 τοῦ
1316 4160 1414 4227 αύτο-

293 4272 400 4356 μάτου
424 4284 571 4341 τοιοῦτον
594 4284 764 4360 συστῆναι,
789 4271 822 4338 ἐν
844 4256 870 4358 ᾦ
893 4272 962 4338 ἀπὸ
983 4272 1079 4358 τύχης
1097 4268 1155 4335 καί
1178 4265 1317 4348 ἀταξίας
1339 4255 1410 4333 om’
