3084 4834
290 450 335 526 ιῖις
356 447 528 536 βαρβάρων
550 451 621 524 τοῖς
636 446 872 535 πονηροτάτοις
887 448 929 511 τδι
944 459 1008 511 τῶν
1020 436 1176 534 Ἑλλήνων
1191 445 1407 534 ποριζομένης

289 555 411 641 ἀγαθά.
457 557 481 621 I.
508 562 542 622 5:
572 554 652 641 μήτε
682 554 849 635 ἄχθεσθαι
880 551 922 641 τῇ
952 553 1108 632 ὑποτάξει
1138 556 1223 619 κατὰ
1253 555 1290 618 τὸ
1320 551 1408 632 εἰκὸς

290 660 437 750 γενομένη
460 661 541 749 μήτε
563 664 753 747 κατηγορεῖν
776 673 833 748 τῆς
848 662 951 748 τέχης,
975 661 1019 737 ὡς
1037 658 1095 725 οὐκ
1110 657 1285 747 ἐπιτηδείῳ
1310 661 1406 727 πόλει

290 769 485 857 τηλικαύτην
507 763 676 855 ἡγεμονίαν
699 766 756 832 καὶ
779 777 931 833 τοσοῦτον
946 765 1006 855 ἤδη
1020 760 1131 853 χρόνον
1153 771 1276 853 προῖκα
1300 768 1406 856 δωρη-

290 873 439 963 οαμένης.
485 875 540 939 ΙΙΙ.
570 883 631 940 20:
660 887 724 939 τῶν
753 874 773 938 δ
780 866 787 887 '
820 871 1019 958 ὀδυρομένων
1049 874 1092 951 ὡς
1120 872 1179 938 οὐκ
1205 874 1243 937 δν
1272 871 1321 938 έτι
1349 888 1408 962 τῆς

289 983 384 1070 τύχης
412 991 500 1069 σφᾶς
529 978 830 1069 διαναστησομένης.
887 981 973 1046 VIII.
1010 989 1069 1047 25:
1107 980 1164 1046 καὶ
1198 970 1307 1045 πάνθ’
1344 982 1407 1047 ὅσα

290 1089 429 1153 πώποτε
451 1088 540 1152 δεινὰ
562 1089 647 1152 κατὰ
677 1088 733 1173 την
762 1085 964 1173 ἀτέκμαρτόν
994 1110 1029 1153 τε
1055 1085 1113 1152 ναὶ
1142 1087 1327 1173 ἀφύλακτον
1350 1088 1407 1152 οἰν-

289 1194 444 1281 δρώττοις
477 1194 572 1281 τύχην
606 1189 732 1259 ἐκείνων
765 1188 844 1279 ἔργα
878 1191 1030 1278 λέγοντες.
1076 1195 1208 1259 Omnino
1244 1195 1410 1278 Dionysius

291 1301 326 1365 in
356 1301 498 1383 operibus
526 1300 589 1365 suis
619 1319 654 1365 ac
684 1300 844 1382 praecipue
874 1302 906 1363 in
937 1300 1109 1376 „Romanis
1141 1302 1406 1382 antiquitatibus“

292 1426 400 1490 parum
416 1426 581 1489 propensus
596 1425 660 1470 esse
683 1406 803 1471 videtur
825 1406 863 1470 ad
886 1406 1038 1471 fortunam
1062 1408 1303 1488 praedicandam,
1327 1409 1408 1490 quod

290 1514 323 1578 in
345 1514 454 1595 primis
477 1513 609 1595 tempori
633 1515 664 1577 et
686 1512 776 1576 rebus
799 1513 977 1596 aDionysio
993 1511 1152 1595 descriptis
1174 1514 1408 1580 adscribendum

291 1623 346 1697 est,
370 1639 447 1702 quae
470 1620 614 1685 leviorem
632 1618 720 1683 modo
744 1637 778 1682 ao
794 1619 934 1683 viliorem
957 1621 1118 1684 materiam
1138 1641 1329 1703 causamque,
1347 1642 1409 1686 ⁴cur

291 1728 396 1811 tyches
418 1729 602 1809 potestatem
625 1726 795 1835 prae'dioet,
819 1727 960 1809 scriptori
982 1728 1127 1809 praebent
1149 1748 1238 1811 quam
1262 1748 1310 1793 res
1333 1730 1410 1794 Ale-

292 1834 399 1899 randri
422 1833 586 1915 imperium
612 1833 776 1897 insecutae.

359 1939 416 2006 Sed
439 1940 604 2005 referamus
627 1940 688 2004 iam
712 1939 831 2004 animos
853 1939 891 2004 ad
914 1940 1184 2005 excellentissimos
1202 1943 1419 2006 Romanorum.

292 2047 468 2129 scriptores,
503 2066 591 2128 quos,
626 2066 694 2110 curn
731 2046 824 2111 etiam
856 2047 913 2111 bac
940 2046 974 2111 in
1004 2066 1036 2111 re
1066 2046 1263 2111 Graecorum.
1281 2050 1413 2132 vestigia

293 2154 444 2235 persecuti
467 2153 546 2230 sint,
571 2155 738 2218 Fortunam
762 2153 937 2234 saepissime
960 2154 1146 2237 praedicasse
1171 2154 1317 2218 videmus.
1363 2157 1414 2221 At

292 2260 393 2325 cultus
417 2261 568 2325 Fortunae
591 2260 720 2324 micime
742 2280 760 2325 a
783 2259 968 2325 Graecorum
991 2262 1108 2344 chbes
1135 2261 1220 2326 cultu
1248 2262 1411 2344 pendebat,

293 2367 388 2431 immo
418 2366 503 2449 genii
533 2367 619 2432 cultu
649 2369 756 2432 auctus
787 2369 818 2432 et
847 2367 1051 2448 amplificatus
1080 2370 1152 2433 erat.
1209 2368 1275 2447 Qua
1310 2367 1347 2432 de
1377 2388 1412 2433 re

293 2473 374 2538 infra
397 2473 546 2556 copiosius
569 2473 745 2555 loquemur,
774 2472 828 2538 ubi
860 2474 951 2538 etiam
984 2473 1021 2538 de
1049 2473 1151 2539 Sullae
1181 2475 1414 2539 commentariis

293 2600 394 2645 rerum
423 2582 578 2663 gestarum
593 2581 635 2664 ⁴),
670 2580 782 2663 quibus
811 2580 875 2662 ipse
907 2581 1029 2646 sollcem
1063 2600 1095 2644 se
1125 2582 1276 2645 Fortunae
1309 2581 1411 2646 filium

292 2686 526 2769 praedicaverat.
567 2687 612 2750 Fr
636 2688 692 2751 hcc
714 2689 851 2769 tempore
874 2687 1014 2752 fortunae
1037 2687 1122 2751 notio
1146 2687 1178 2751 in
1202 2689 1411 2753 Romanorum

294 2794 476 2875 scriptorum
515 2793 655 2875 operibus
692 2793 799 2858 florere
837 2793 977 2867 videtur,
1015 2796 1105 2876 atoue
1144 2792 1208 2875 ipse
1246 2794 1412 2859 Sallustius

296 2900 381 2982 (Jug.
408 2902 462 2983 95)
486 2899 522 2964 de
538 2899 624 2965 Sulla
647 2900 738 2964 verba
760 2900 853 2964 dicit:
878 2903 994 2983 „atoue
1012 2900 1062 2965 illi
1078 2899 1208 2983 (Sullae)
1231 2900 1413 2965 felicissimo

295 3006 432 3071 omnium
463 3009 534 3071 aute
562 3006 686 3072 civilem
718 3007 877 3072 victoriam
912 3026 1080 3089 numquam
1110 3027 1198 3090 super
1226 3007 1412 3072 industriam

296 3113 419 3178 fortuna
441 3113 503 3181 tuit
525 3113 677 3196 multique
693 3113 881 3188 dubitavere,
904 3114 1012 3178 fortior
1029 3134 1067 3178 au
1081 3114 1200 3179 felicior
1222 3117 1315 3191 esset;
1338 3132 1412 3178 nam

297 3223 402 3301 postea
430 3239 507 3302 quae
535 3219 624 3298 fecit,
660 3220 813 3284 incertum
843 3220 940 3285 babeo
970 3220 1081 3303 pudeat
1112 3240 1150 3285 an
1179 3221 1284 3304 pigeat
1312 3221 1416 3303 magis

294 3326 440 3391 disserere
448 3333 476 3391 ⁶⁶.

361 3432 525 3498 Sallustius
547 3431 619 3497 aliis
642 3451 759 3516 quoque
782 3433 857 3498 locis
880 3433 1035 3498 fortunam
1051 3435 1278 3509 commemorat,
1302 3452 1414 3515 quam·

296 3558 387 3622 quam
411 3539 535 3604 omnino
559 3539 704 3605 uirtutem
720 3539 937 3623 gravissimum
953 3541 1155 3606 humanamm
1170 3560 1271 3605 rerum
1294 3539 1417 3606 iudicat

295 3644 509 3729 praedicatque
531 3647 704 3728 auctorem3
728 3645 795 3711 aar.
821 3656 856 3712 1:
881 3646 1005 3724 „virtus
1021 3647 1101 3711 clara
1116 3648 1298 3727 aeternaque
1317 3647 1414 3712 habe·

295 3754 387 3817 tur“.
440 3750 499 3817 Sed
533 3751 626 3816 aliam
661 3771 779 3836 quoque
816 3754 881 3818 vim
915 3755 1055 3836 quamuis
1088 3754 1246 3818 obscuram
1280 3752 1416 3836 dirigere

295 3858 456 3923 hominum
484 3860 581 3923 vitam
612 3859 766 3937 concedit;
802 3858 866 3924 Cat.
892 3871 926 3926 8:
958 3860 1035 3937 „sed
1065 3861 1199 3943 profecto
1227 3860 1348 3925 fortuna
1379 3861 1414 3924 in

296 3965 380 4031 omni
396 3983 428 4029 re
445 3964 619 4030 dominatur
627 3971 655 4029 ⁶⁶.
695 3965 749 4048 Fp.
775 3964 901 4031 Micia:
924 3966 1073 4044 „fortuna
1088 3970 1141 4031 aut
1156 3966 1268 4032 nostris
1291 3965 1417 4030 vitiis“.

297 4071 465 4136 Fortunam
488 4090 575 4153 saepe
598 4074 634 4137 ut
656 4073 719 4136 vim
743 4072 907 4137 salutarem
931 4073 1018 4138 nobis
1041 4075 1144 4152 offert3
1174 4072 1239 4138 car.
1267 4083 1302 4137 1:
1326 4071 1417 4151 „ior-

368 4304 395 4367 1)
413 4302 451 4358 Cf.
470 4303 505 4357 H.
523 4304 643 4372 Peter,
661 4303 732 4357 Hist.
751 4303 826 4357 Rom.
845 4303 946 4373 tragm,
966 4321 992 4374 p.
1011 4304 1062 4357 127
1071 4320 1127 4374 sqq.
