3084 4834
266 405 365 486 magis
389 404 600 469 coniciendum
623 409 669 469 est
689 404 851 470 Plutarchi
867 404 1037 469 doctrinam
1060 403 1164 486 magni
1181 403 1331 468 momenti
1346 402 1385 468 ad

267 510 509 575 Christianorum
534 531 618 577 sacra
633 512 775 595 legesque
791 513 894 588 fuisse,
917 530 987 575 curn
1008 510 1140 575 sciamus
1158 510 1385 592 philosophiam

267 616 414 683 Graecam
444 622 618 682 nascentem
650 618 749 683 adhuc
777 618 957 700 religionem
973 614 1195 681 'Christianam
1226 636 1281 681 nec
1310 617 1388 681 satis

267 724 404 788 adultam
427 724 666 790 circumstetisse
690 725 774 790 etei
800 725 913 789 multas
935 724 1073 788 notiones
1101 725 1192 806 atque
1218 724 1388 789 sententias

267 831 396 896 mutatis
430 831 586 896 mutandis
620 831 804 914 praebuisse.
862 830 978 897 Graeca
1017 829 1209 912 philosophia
1243 832 1275 894 et
1308 848 1388 895 nova

270 937 513 1003 Christianorum
537 937 675 1002 doctrina
697 937 794 1003 altera
816 937 853 1001 ad
876 937 1005 1001 alteram
1030 936 1193 1001 maximam
1217 937 1280 1000 vim
1305 937 1389 1000 inter

269 1042 456 1109 seinvicem
481 1045 653 1110 attulerunt
670 1047 702 1127 ¹).
735 1045 919 1110 Plutarchus
942 1042 1132 1109 Christianae
1156 1042 1310 1107 doctrinae
1334 1042 1388 1108 de-

272 1151 373 1215 fensor
408 1150 535 1233 pulchra
567 1170 602 1216 ac
636 1152 790 1234 praeclara
823 1150 1047 1234 significatione
1078 1152 1140 1222 est,
1172 1169 1241 1214 cum
1273 1150 1389 1213 bonum

270 1258 490 1339 honestumque
519 1257 677 1336 defendat,
708 1259 759 1323 scd
789 1277 821 1322 re
850 1260 916 1340 ipsa
944 1255 1185 1322 Christianorum
1221 1256 1390 1321 sententias

270 1383 329 1428 non
354 1365 504 1446 cognorit.

338 1469 532 1549 Plutarchus,
556 1491 626 1536 cum
649 1472 766 1536 nullius
789 1471 1037 1554 philosophorum
1061 1474 1213 1536 sectarum
1236 1487 1290 1534 sun
1308 1470 1391 1534 tem-

272 1594 342 1658 pore
365 1577 536 1659 rigentium
561 1582 662 1660 partes
684 1582 860 1662 sequeretur
874 1580 911 1661 ²),
934 1582 1037 1642 tamen
1054 1578 1248 1642 vehementer
1270 1576 1305 1640 in
1319 1573 1392 1657 phi-

273 1683 409 1765 losophia
432 1686 568 1748 versatus
593 1684 629 1748 de
652 1685 716 1749 vita
738 1704 774 1749 ac
797 1685 934 1749 moribus
957 1684 1105 1766 rebusque
1128 1683 1216 1747 bonis
1246 1686 1278 1746 et
1301 1680 1393 1746 malis

272 1792 336 1854 tarn
361 1793 482 1855 strenue
498 1791 672 1872 quaerebat,
696 1795 741 1868 ut,
765 1792 904 1875 quamvis
926 1809 1046 1855 summa
1061 1790 1175 1872 pietate
1191 1808 1226 1854 aa
1243 1788 1393 1872 religione

273 1896 429 1978 praeditus
452 1900 643 1980 ornatusque,
667 1901 699 1963 et
720 1899 853 1981 priorem
878 1897 1002 1962 deorum
1027 1898 1145 1961 cultum
1168 1896 1304 1960 abiceret
1326 1897 1393 1959 eta

273 2004 489 2085 superstitione
523 2003 659 2086 salsaque
700 2005 786 2088 vulgi
827 2003 975 2087 religione
1009 2023 1040 2067 se
1074 2005 1234 2068 averteret.
1293 2001 1394 2082 Quare

274 2128 417 2193 magnam
442 2110 473 2173 in
499 2109 717 2175 dissensionem
741 2111 897 2176 incidebat
913 2115 977 2175 eta
999 2129 1031 2176 se
1048 2110 1113 2192 ipso
1131 2108 1305 2185 dissidebat,
1322 2127 1393 2172 cum

274 2216 467 2299 prudentior,
491 2235 583 2300 quarn
606 2220 641 2283 ut
664 2219 782 2296 omnia,
811 2237 886 2301 quae
915 2217 1045 2283 maiores
1074 2216 1281 2292 crediderant,
1309 2234 1393 2280 com-

275 2323 417 2405 probaret
439 2326 530 2406 atque
553 2326 704 2400 crederet,
729 2329 761 2390 et
785 2325 901 2390 doctior·
923 2323 1091 2406 studiisque
1114 2322 1277 2399 excultior,
1300 2340 1394 2403 quam

276 2430 367 2494 utin
392 2433 511 2496 vetusta
535 2433 766 2513 superstitione,
791 2432 840 2496 cui
865 2430 1083 2496 consuetudine
1109 2429 1208 2494 adhuc
1230 2428 1396 2493 adstrictus

277 2539 351 2613 erat,
375 2541 589 2619 perseveraret,
612 2541 716 2603 tamen
739 2541 895 2603 vetustum
918 2537 1036 2603 cultum
1061 2539 1153 2618 atque
1169 2534 1395 2599 humanitatem

277 2643 411 2708 noudum
436 2662 513 2708 nora
535 2664 637 2709 rerum
660 2649 788 2710 naturae
818 2643 1076 2726 contemplatione
1106 2661 1141 2707 ac
1169 2660 1245 2707 noro
1270 2640 1396 2706 deorum

277 2749 364 2813 cultu
376 2751 469 2814 etiam
482 2753 548 2815 tum
562 2752 631 2815 rudi
644 2771 679 2816 ac
690 2751 853 2834 paullatim
866 2751 1074 2815 effloresceutc
1084 2767 1276 2831 compensare
1285 2749 1396 2829 posset.

277 2856 384 2939 ltaque
406 2857 531 2938 pietate,
549 2859 646 2940 magis
669 2878 687 2923 a
709 2860 827 2923 ratione
850 2877 941 2942 quam
961 2876 979 2921 a
998 2875 1087 2920 seusu
1102 2857 1245 2938 proiecta,
1261 2873 1333 2919 usus
1350 2855 1397 2918 est

279 2962 478 3041 PlutarchuS,
503 2964 553 3028 cui
576 2966 608 3028 in
633 2966 742 3048 primis
765 2965 984 3030 difficillimum
1012 2964 1074 3028 fuit
1101 2962 1334 3039 liberalitatem,
1358 2959 1397 3024 ad

278 3087 369 3152 quam
395 3069 586 3153 philosophia
608 3070 757 3137 adductus
780 3077 855 3149 erat,
878 3091 949 3135 cum
964 3071 1079 3152 pietate
1095 3087 1167 3153 erga
1182 3067 1253 3132 deos
1268 3066 1397 3131 coniun-

278 3217 489 3227 —.-.-—-..-

352 3283 378 3347 1)
397 3280 434 3336 cf.
458 3281 489 3337 Ο.
515 3283 710 3352 Fabricius,
737 3286 789 3338 Zur
814 3284 952 3352 religiiisen
975 3281 1244 3349 Auschauungsweiso
1268 3280 1314 3332 dos
1336 3279 1400 3332 Plu·

280 3371 369 3437 tarcb,
393 3371 557 3442 Kbnigsberg
581 3376 658 3429 1879.
696 3375 923 3445 W.·Mocller,
947 3364 1019 3426 Uber
1042 3372 1083 3424 die
1108 3370 1229 3438 Religion
1247 3367 1399 3434 Plutarcho,

279 3459 339 3513 Kiel
362 3462 440 3514 1881.
483 3461 513 3516 Ε.
539 3464 664 3530 Zeller,
687 3465 736 3518 Die
759 3464 959 3529 Entwickelurrg
984 3461 1030 3514 des
1050 3460 1258 3514 Monotlreismus
1280 3458 1322 3511 bei
1348 3456 1400 3510 den

281 3546 418 3602 Gricchen.
455 3551 584 3620 Vortrdgc
604 3553 657 3607 und
675 3553 894 3619 Abhandlungcn.
931 3551 966 3604 ll.
986 3550 1026 3603 ed.
1045 3549 1150 3618 Leipzig
1171 3549 1246 3602 1875.
1279 3547 1399 3615 I.1sqq.

280 3636 310 3690 E.
337 3636 496 3705 Curtius,
521 3641 571 3694 Die
593 3643 754 3710 griechischs
785 3640 952 3697 Gdtterlehre
978 3656 1034 3693 vom
1059 3637 1280 3706 geschichtlichen
1305 3634 1401 3688 Stand-

280 3727 374 3796 punkt.
411 3728 576 3783 Preulsischo
595 3731 757 3785 Jahrbunher
775 3731 896 3784 XXXVI.

354 3815 381 3880 2)
400 3815 438 3870 Cf.
458 3816 487 3872 Ο.
508 3817 648 3885 Grdard,
667 3820 706 3874 De
725 3821 751 3874 la
769 3820 867 3874 morale
885 3818 917 3871 de
935 3817 1087 3886 Plutarque.
1106 3815 1157 3869 ΠΙ.
1176 3812 1401 3868 edParis1880.

281 3904 314 3958 R.
328 3903 528 3974 Volkmann,
548 3909 565 3961 l.
581 3926 611 3975 a,
630 3909 665 3962 II.
681 3910 716 3963 25
735 3908 859 3975 ostendit,
878 3907 1057 3963 Plutarchum,
1077 3904 1110 3957 ad
1124 3921 1201 3973 quem
1220 3901 1324 3955 etiamsi
1342 3900 1402 3953 Ari·

283 3994 388 4046 siotclis
413 3994 547 4050 doctrinae
569 3999 656 4066 magni
682 3999 807 4052 momenti
835 3997 947 4062 inerint,
972 3996 999 4049 in
1029 3994 1120 4064 primis
1143 3992 1248 4046 Platoni
1268 3989 1402 4044 studuisse

282 4083 391 4151 eiusque
410 4091 549 4155 praecepta
567 4090 686 4140 secutum
705 4104 769 4140 osse.
807 4085 929 4140 Conferas
955 4100 1049 4154 quaeso
1074 4083 1153 4135 etiam
1178 4081 1206 4134 L.
1231 4078 1402 4146 Schmidt,

282 4170 364 4224 Ethil
379 4171 425 4224 der
439 4174 510 4228 alten
526 4173 653 4231 Grieelren
672 4177 693 4230 I.
708 4177 751 4231 40.
780 4175 809 4229 E.
824 4175 951 4240 Zeller,
966 4174 1015 4227 Dio
1028 4170 1194 4241 Philosophia
1208 4169 1253 4223 der
1264 4166 1403 4222 Griecheu.

282 4263 330 4317 111.
350 4267 389 4322 eu.
408 4269 514 4337 Leipzig
534 4268 610 4321 rear.
638 4267 687 4320 111.
706 4268 731 4320 a.
756 4284 782 4336 p.
802 4266 918 4334 raosqq.
