3084 4834
307 446 411 533 στημη
435 433 483 509 δι)
510 440 716 523 ἀποδείξεως.
762 444 885 527 Fragm.
912 451 994 510 508:
1024 444 1043 530 ἡ
1070 441 1107 508 δὲ
1128 445 1213 521 παῖς
1235 439 1430 521 εἷςελθοῦσα

307 549 441 617 δίδωσιν
464 547 529 617 εἴτε
552 549 620 617 ἀπὸ
643 551 738 638 τύχης
760 547 825 616 εἴτε
853 548 911 616 καὶ
941 537 988 615 δι’
1021 548 1122 637 ἄλλην
1149 550 1223 615 τινὰ
1246 546 1358 616 αἰτίαν
1382 551 1431 637 τῷ

308 655 443 744 Εὐξένῳ.
490 658 582 724 Rhet.
613 659 637 722 Ι.
667 666 703 725 5:
734 657 818 735 ὅλως
846 659 888 722 τὰ
917 665 1053 722 τοιαῦτα
1083 669 1148 721 τῶν
1177 655 1314 742 ἀγαθῶν
1342 656 1431 723 ἐστὶν

306 764 375 831 ἀπὸ
394 765 497 852 τύχης,
522 754 579 852 ἐφ’
598 753 647 842 οἷς
670 761 759 829 ἐστὶν
775 764 792 829 ὁ
807 763 942 851 φθόνος.
979 764 1005 829 Ι.
1032 771 1088 828 10:
1112 754 1231 828 ἔστιδ’
1249 763 1430 853 ἀπὸτύχης

306 870 365 956 μὲν
386 874 429 936 τὰ
452 881 590 937 τοιαῦτα
613 870 791 957 γιγνόμενα,
816 871 898 935 ὅσων
921 871 941 959 ἢ
963 894 999 936 τε
1021 865 1114 935 αἰτία
1137 868 1287 957 ἀόριστος
1302 869 1360 936 καὶ
1384 873 1430 959 μὴ

306 976 398 1044 ἕνεκά
421 1001 477 1043 του
502 974 642 1062 γίγνεται
665 975 723 1042 καὶ
744 978 826 1065 μήτε
848 975 898 1042 ἀεὶ
925 977 1006 1064 μήτε
1029 977 1073 1054 ὡς
1096 974 1154 1041 ἐπὶ
1178 978 1216 1041 τὸ
1239 976 1325 1041 πολὺ
1347 978 1431 1066 μήτε

308 1082 519 1169 τεταγμένως.
551 1086 669 1150 11.15:
692 1082 769 1171 περὶ
791 1097 855 1149 τῶν
877 1083 946 1150 ἀπὸ
961 1084 1055 1172 τύχης
1074 1081 1266 1168 γιγνομένων
1281 1082 1430 1168 ἀγαθῶν,

307 1179 356 1256 δι’
382 1190 444 1256 ὅσα
468 1188 573 1255 αύτῶν
596 1188 652 1256 καὶ
667 1192 710 1255 τὰ
732 1189 800 1278 ἢθη
816 1192 900 1256 ποιὰ
923 1189 1006 1256 dictu
1027 1186 1196 1273 συμβαίνει
1210 1193 1281 1267 τοῖς
1296 1189 1430 1277 ἀνθρώ-

308 1320 398 1377 ποις,
422 1294 562 1381 λέγωμεν
577 1295 701 1385 ε’φεξης.
740 1298 780 1362 ΙΙ.
807 1309 865 1363 17:
889 1297 944 1362 διὰ
966 1298 1008 1361 τὰ
1031 1296 1200 1382 γιγνόμενα
1222 1295 1336 1380 ἀγαθὰ
1359 1295 1430 1364 ἀπὸ

306 1414 364 1490 της
394 1403 497 1490 τύχης.
551 1405 615 1469 Pol.
645 1403 715 1467 Vll.
747 1413 784 1467 1:
813 1415 877 1467 τῶν
906 1401 965 1486 μὲν
993 1404 1055 1489 γὰρ
1086 1400 1179 1479 ἐκτὸς
1205 1400 1343 1487 ἀγαθῶν
1371 1415 1430 1491 της

309 1521 415 1597 ψυχῆς
439 1505 546 1575 αἴτιον
567 1507 773 1592 ταύτόματον
792 1507 850 1574 καὶ
874 1510 893 1597 η
915 1508 1001 1597 τύχη,
1025 1505 1153 1586 δίκαιος
1168 1497 1201 1573 δ’
1228 1507 1332 1586 οὐδεὶς
1355 1507 1431 1575 οὐδὲ

309 1616 449 1703 σώφρων
472 1615 542 1682 α’πό
564 1616 673 1702 τύχης,
697 1612 771 1680 otti
794 1615 851 1681 διὰ
873 1616 931 1703 τὴν
952 1617 1046 1703 τύχην
1068 1612 1165 1681 ἐστίν.
1212 1616 1304 1700 Phys.
1328 1617 1369 1681 ΙΙ.
1393 1626 1430 1695 4;

306 1722 419 1788 πολλὰ
441 1720 499 1788 καὶ
521 1714 604 1787 εἶναι
628 1720 685 1787 καὶ
708 1719 859 1806 γίνεσθαι
887 1723 944 1787 διὰ
965 1723 1068 1809 τύχην.
1115 1723 1205 1789 Rhet.
1232 1723 1255 1786 l.
1282 1733 1337 1788 10:
1365 1736 1431 1787 τῶν

307 1827 366 1912 μὲν
389 1825 443 1895 σύν
465 1829 510 1916 μη
533 1817 582 1894 δι’
609 1829 725 1905 αύτούς
751 1827 875 1911 τὰμὲν
905 1829 961 1894 διὰ
987 1829 1082 1915 τύχην
1111 1825 1296 1913 πράττουσι
1326 1829 1369 1893 τὰ
1391 1818 1427 1894 ‹l'

305 1933 344 2014 ἐξ
373 1934 521 2022 ύνύγιης.
575 1936 640 2001 Pol.
673 1936 711 2000 V.
744 1946 780 2002 3:
813 1933 984 2020 συμβαίνει
1018 1933 1120 2001 ἐνίοτε
1153 1944 1249 2000 τοῦτο
1283 1934 1341 2000 καὶ
1373 1937 1429 2000 διὰ

310 2040 417 2123 τύχας.
463 2042 537 2108 Eth.
562 2042 631 2107 Nic.
655 2043 680 2108 I.
706 2053 763 2107 11:
788 2042 919 2107 πολλῶν
941 2038 1113 2126 γινομένων
1135 2042 1221 2106 κατὰ
1243 2041 1348 2129 τύχην.

376 2148 495 2228 Quibus
512 2169 548 2214 ex
563 2149 639 2214 louis
654 2149 797 2213 omnibus
813 2151 938 2231 apparet
952 2148 1153 2213 Aristotelem
1165 2148 1260 2235 τύχης
1271 2149 1428 2214 notionem

308 2273 417 2320 noram
441 2255 607 2321 reddidisse
637 2258 669 2321 et
698 2255 917 2338 posterioribus
945 2255 1145 2336 scriptoribus
1171 2258 1207 2319 nt
1230 2273 1375 2338 magnam
1397 2258 1431 2319 et

308 2347 432 2446 gravem
463 2358 573 2426 αἰτίαν
605 2362 782 2436 tradidisse,
816 2363 862 2426 ita
891 2365 928 2426 ut
957 2361 987 2425 ei
1015 2360 1102 2444 qnasi
1130 2359 1369 2442 splendidiorem
1397 2363 1430 2425 et

308 2467 479 2551 graviorem
501 2468 716 2559 auctoritatem
740 2467 892 2532 addidisse
915 2467 1063 2532 videatur.

376 2574 435 2639 Sed
451 2577 553 2638 tamen
570 2574 711 2656 quamuis
725 2574 846 2640 animus
866 2573 1046 2656 populorum
1062 2574 1100 2637 ad
1117 2573 1228 2657 tyohen
1244 2572 1334 2655 plane
1350 2572 1428 2638 reoi-

309 2680 453 2764 piendam
477 2681 539 2746 iarn
563 2699 726 2764 propensus
750 2683 844 2756 esset,
867 2681 924 2745 alii
946 2679 1119 2762 philosophi
1143 2699 1210 2744 eam
1233 2679 1429 2745 vehementer

310 2788 490 2864 reiecerunt,
514 2787 625 2871 quippe
648 2789 701 2871 qui
724 2789 757 2852 in
773 2789 858 2853 omni
873 2805 976 2852 rerum
992 2788 1140 2851 varietate
1154 2805 1190 2851 ae
1205 2787 1429 2852 mutationibus

308 2893 406 2960 animi
429 2894 687 2977 tranquillitatem
711 2894 903 2959 retinendam
928 2893 1095 2958 edicebant.
1135 2893 1294 2974 Epicurus,
1320 2911 1428 2974 qnam-

310 3020 401 3086 quam
417 3000 619 3084 reipublicae
635 3000 705 3066 deos
720 3000 895 3083 neglegens,
919 3019 988 3064 oum
1004 3019 1074 3065 snas
1089 2999 1126 3064 de
1141 3018 1243 3064 rerum
1259 2998 1379 3081 origine
1394 3016 1429 3061 ao

310 3128 399 3174 oausa
422 3109 642 3189 hominumque
672 3110 752 3172 sorte
782 3106 982 3190 cogitationes
1009 3108 1149 3184 haberet,
1178 3105 1265 3188 uulgi
1291 3103 1427 3187 opinioni

309 3215 396 3293 lavit,
420 3218 525 3280 tamen
552 3215 721 3296 sapientem
744 3214 874 3278 minime
896 3233 914 3278 a
936 3213 1058 3279 fortuna
1080 3213 1261 3292 commoveri
1283 3210 1428 3295 gravissi·

310 3341 433 3405 masque
455 3342 503 3386 res
527 3340 582 3387 suo
605 3319 732 3386 consilio
759 3340 795 3385 ao
821 3320 936 3386 uirtute
962 3339 1066 3402 regere
1092 3318 1267 3385 affirmavit.
1311 3318 1427 3403 Cynici,

310 3447 379 3493 eum
410 3428 523 3492 remoti
551 3429 589 3493 ab
617 3427 715 3493 oeulis
743 3427 849 3509 populi
878 3427 975 3492 uitam
1009 3445 1095 3490 suam
1130 3426 1163 3490 in
1197 3424 1363 3490 solitudine
1397 3427 1428 3488 et

308 3534 495 3599 abstinentia
518 3535 738 3618 transigerent,
762 3534 902 3598 fortunae
925 3532 1042 3597 nullam
1065 3551 1170 3596 ansam
1193 3531 1231 3596 ad
1253 3532 1316 3595 vim
1341 3550 1428 3596 suam

310 3640 574 3705 demonstrandam
611 3642 815 3722 praebuerunt
845 3642 877 3704 et
908 3639 998 3704 stoiei
1013 3640 1039 3725 ¹)
1068 3639 1210 3704 audaster
1243 3639 1427 3704 sententiam

310 3748 520 3829 expresserunt
550 3746 630 3810 nihil
659 3747 788 3811 minoris
816 3765 907 3829 quam
936 3745 1089 3810 fortunam
1120 3743 1269 3810 momenti
1298 3763 1362 3809 esso
1390 3742 1428 3808 ad

382 4031 408 4094 1)
427 4028 465 4084 cf.
485 4029 707 4099 Simplicius,
732 4029 826 4097 Phys,
851 4029 915 4083 741).
959 4028 1092 4082 Marcus
1115 4027 1295 4093 Aurelius,
1325 4030 1366 4081 Τὰ
1390 4032 1429 4088 εἰς

309 4120 407 4173 ἑαυτόν
432 4119 467 4172 ΙΙ.
491 4121 517 4173 3.
555 4117 872 4186 cleanthesflymn.
910 4117 1135 4182 Plutarchus,
1161 4116 1286 4182 Deiota,
1311 4115 1335 4170 7.
1373 4114 1427 4168 Se·

308 4224 403 4275 neca,
422 4207 465 4262 De
485 4208 614 4262 benefieiis
632 4207 678 4261 IV.
698 4207 723 4261 8.
759 4207 919 4272 Tacitus,
943 4205 1011 4259 Ann.
1030 4205 1080 4259 ΠΙ.
1100 4206 1148 4272 18;
1170 4205 1215 4259 vl.
1235 4205 1278 4258 22.
1315 4203 1386 4257 Hist.
1404 4202 1425 4269 1,

307 4298 333 4350 4.
371 4296 409 4352 cf.
428 4315 453 4368 p.
473 4299 516 4354 22.

411 4696 855 4806 ᾖ
