3084 4834
288 526 406 596 quoque
429 510 521 588 favet,
545 509 598 593 qui
622 528 764 593 magnam
789 509 874 574 illius
897 508 1017 574 obscuri
1034 509 1246 591 impersonalis
1268 514 1410 578 numinis

287 616 502 682 auctoritatem
524 635 560 681 ac
582 616 645 682 vim
669 616 885 698 complectitur
908 619 939 680 et
954 616 1086 692 asciscit,
1109 620 1142 680 at
1160 617 1255 682 simul
1276 621 1408 703 psycho-

287 724 386 807 logioe
408 723 457 788 vel
480 741 515 787 er
538 725 718 787 maturares
741 722 890 805 explicare
913 723 1016 788 studet
1029 725 1064 802 ¹),
1087 742 1217 805 quarum
1241 744 1345 790 cauus
1367 727 1406 791 ad

287 829 447 895 hominum
469 828 660 894 voluntatem
681 847 717 893 ac
740 829 902 894 consilium
924 829 1066 894 reducere
1088 830 1216 906 mavult,
1240 832 1406 896 vehemen-

286 939 334 1002 ter
372 936 548 1001 libertatem
587 935 716 1000 humani
752 936 866 1013 animi,
908 935 1117 1019 quodcumque
1160 936 1221 1001 sibi
1263 937 1405 1020 imperet,
1514 966 1515 973 ¹

286 1042 456 1110 obtinentis
486 1059 582 1124 neque
613 1060 629 1106 s
659 1042 757 1107 causis
787 1043 920 1107 externis
949 1041 1110 1124 pendentis
1139 1042 1311 1108 defendens.
1357 1046 1405 1110 Ac
1514 1054 1515 1061 ’

285 1150 313 1215 si
341 1148 415 1233 quid
442 1167 478 1212 er
506 1166 561 1213 sua
589 1150 699 1213 natura
728 1148 873 1230 explicari
900 1151 931 1213 et
957 1148 1065 1230 exponi
1095 1168 1156 1214 non
1186 1153 1303 1231 potest,
1333 1154 1403 1217 tum
1514 1126 1515 1193 ἦ

285 1255 371 1338 quasi
395 1254 468 1319 deus
490 1272 527 1317 ex
549 1254 691 1318 maehina
713 1255 803 1337 tyche
834 1257 870 1319 ut
899 1254 1012 1319 ultima
1040 1275 1141 1320 rerum
1171 1274 1262 1321 causa
1289 1257 1403 1339 prodit,

285 1379 360 1445 quae
383 1360 507 1425 obscure
529 1362 561 1425 et
584 1359 842 1442 inexplicabiliter
864 1361 967 1425 omnia
988 1362 1154 1444 gubernat,
1185 1362 1231 1427 ita
1252 1367 1290 1428 ut
1312 1384 1403 1430 nemo

286 1468 352 1532 eius
374 1468 515 1531 naturam
537 1467 705 1548 perspicere
727 1468 782 1531 aut
804 1466 983 1550 intellegere
1005 1468 1111 1550 possit.
1158 1469 1289 1535 Etiamsi
1313 1473 1403 1555 tyohe

285 1572 481 1657 gravissimas
510 1572 671 1636 hominum
705 1571 906 1656 cogitationes
939 1574 971 1637 et
1004 1573 1176 1639 voluntates
1205 1595 1267 1640 non
1301 1580 1403 1659 potest

287 1682 407 1744 mutare
430 1698 486 1743 nec
508 1678 618 1743 bonam
643 1678 859 1743 conscientiam
882 1679 1006 1761 gravius
1028 1699 1215 1761 permovere,
1238 1685 1343 1747 tamen
1366 1704 1402 1749 eo

284 1785 384 1869 magis
406 1783 609 1867 plurimorum
632 1784 792 1849 hominum
815 1788 912 1850 sortes
934 1805 969 1851 er
992 1786 1121 1851 libidine
1144 1788 1251 1871 tyches
1266 1789 1402 1870 pendent

283 1892 387 1957 omnia
420 1890 598 1956 mortalium
635 1890 763 1955 consilia
797 1891 972 1973 importune
1007 1910 1042 1956 ao
1077 1911 1184 1973 pamm
1226 1898 1401 1961 reverenter

283 1997 422 2064 tollentis
437 1999 492 2062 aut
507 1996 709 2063 disturbantis
723 1998 757 2081 2).
790 1996 858 2077 Qua
875 2017 908 2062 re
923 1998 1109 2064 Plutarchus
1131 1999 1164 2063 iu
1180 1999 1401 2067 dissensionem

282 2103 403 2182 incidit,
425 2122 516 2187 quam
539 2121 628 2184 saepe
650 2103 807 2168 acerrimis
828 2104 929 2169 verbis
951 2104 1104 2186 exprimit.

350 2212 457 2292 ltaque
486 2209 566 2287 iam,
602 2209 681 2292 quod
715 2208 752 2274 ad
785 2210 1026 2292 philosophicam
1055 2212 1214 2277 Plutarchi
1248 2215 1398 2280 rationem

282 2318 405 2395 attinet,
428 2334 464 2380 eo
486 2315 675 2393 adducimur,
700 2319 735 2381 ut
755 2316 972 2400 intellegamus
995 2336 1064 2382 eum
1084 2318 1282 2384 nullomodo
1305 2340 1399 2386 unam

282 2443 318 2489 er
347 2423 402 2501 iis,
440 2422 474 2486 in
503 2422 616 2504 quibus
649 2421 722 2488 illae
750 2422 905 2488 doctrinae
934 2424 1200 2491 vehementissime
1235 2445 1271 2491 ac
1305 2427 1400 2492 umal

284 2528 488 2596 diversissime
504 2529 776 2611 pertractabantur,
800 2529 913 2594 scholis
934 2529 1019 2613 sequi
1042 2531 1184 2613 potuisse.
1216 2532 1298 2597 Nam
1322 2535 1399 2599 stoi-

282 2637 327 2702 cis
362 2634 671 2718 praedestinationem
708 2635 875 2701 neoessario
921 2638 1097 2702 eventuram
1136 2637 1330 2704 credentibus
1367 2643 1399 2705 et

280 2741 440 2825 Epicureis
473 2741 574 2805 omnia
607 2740 681 2806 lorti
719 2741 841 2806 cuidam
876 2760 912 2807 ao
947 2743 1030 2807 caeni
1059 2743 1284 2823 tribuentibus,
1321 2747 1397 2811 Plu·

281 2849 405 2914 tarchus
442 2846 701 2928 mediocritatem,
739 2868 816 2932 quae
850 2852 897 2914 est
930 2848 1013 2914 inter
1045 2849 1178 2914 nimium
1212 2853 1244 2916 et
1277 2871 1395 2933 parum,

280 2959 384 3022 tenere
407 2954 490 3032 vult,
521 2972 592 3019 cum
620 2973 668 3019 res
696 2958 798 3038 gestas
820 2955 980 3038 praecipue
1009 2955 1047 3019 ab
1076 2956 1236 3022 hominum
1260 2958 1396 3025 consiliis

280 3063 408 3144 repetat.

347 3166 531 3233 Plutarchus
553 3166 586 3230 in
610 3167 668 3231 hoc
690 3169 722 3232 et
744 3167 853 3232 multis
875 3166 946 3233 aliis
969 3167 1130 3233 Platonem
1153 3169 1301 3251 sequitur,
1324 3189 1396 3236 cum

282 3294 384 3340 rerum
398 3272 662 3338 'necessitudinem
678 3273 806 3339 rationis
828 3273 959 3355 imperio
974 3274 1072 3339 teneri
1088 3274 1258 3341 consentiat
1280 3277 1312 3340 et
1333 3276 1398 3340 ior-

280 3383 388 3446 tunam
410 3379 575 3446 secundum
605 3378 685 3444 illud
714 3378 876 3444 Alcmanis
897 3380 1105 3462 providentiae
1127 3380 1224 3446 liliam
1246 3382 1396 3448 nominet.

279 3485 408 3566 Qualem
424 3485 556 3551 habeant
571 3485 653 3550 inter
667 3505 698 3550 se
714 3486 867 3550 rationem
882 3486 1032 3551 humanae
1048 3489 1080 3552 et
1095 3486 1215 3552 divinae
1238 3506 1295 3566 res,
1319 3489 1398 3553 Plu-

279 3592 381 3657 tarchi
403 3610 520 3675 quoquo
542 3591 639 3657 aciem
663 3591 788 3656 omnino
809 3592 900 3675 fugit
945 3591 1016 3658 Sine
1039 3591 1132 3657 dubio
1155 3611 1190 3657 err
1212 3592 1268 3658 illa
1290 3594 1399 3676 tyches

279 3698 403 3764 notione
436 3697 518 3761 nihil
544 3697 722 3764 concludere
748 3717 908 3781 possumus
938 3699 975 3763 de
1006 3698 1110 3764 divina
1141 3698 1249 3764 mundi
1282 3699 1397 3783 guber-

278 3804 412 3883 natione,
435 3805 542 3868 utrum
565 3822 632 3869 eam
650 3804 809 3888 agnoverit
827 3823 866 3869 an
884 3805 1052 3888 negaverit.
1084 3804 1183 3885 Quam
1206 3824 1277 3869 eum
1300 3823 1397 3888 agno-

277 3912 357 3978 visse
380 3913 517 3976 ceterum
548 3929 584 3975 er
613 3910 756 3977 omnibus
785 3911 851 3976 eins
878 3911 1001 3993 scriptis
1027 3914 1160 3994 apparet.
1205 3913 1396 3976 Renovatam

348 4177 376 4241 1)
394 4175 431 4231 cf.
446 4175 476 4231 E.
490 4175 707 4243 Dassaritis,
720 4176 770 4231 Die
784 4176 954 4246 Psychologie
968 4177 1022 4231 und
1034 4177 1186 4246 Ptdagogik
1199 4176 1245 4230 des
1257 4176 1393 4231 Plutarch.

275 4262 348 4317 Dies.
366 4264 454 4332 inaug.
490 4264 621 4334 Erlangen
639 4266 717 4320 1889.

349 4351 378 4419 a)
394 4350 425 4407 n.
443 4351 569 4420 nones,
587 4353 606 4407 1.
624 4370 655 4422 a,
673 4370 699 4425 p.
719 4354 780 4409 arv.
