3084 4834
126 477 294 542 hominum
325 475 470 551 fortunas,
506 493 583 557 quae
611 475 644 539 in
679 474 743 539 sola
777 474 893 539 virtute
924 477 1014 557 atque
1045 473 1141 538 animi
1171 477 1256 538 tran·

126 582 291 667 quillitote
314 583 430 665 positae
453 584 561 647 emant.
602 646 604 650 .

201 689 394 770 Quantopere
405 707 475 752 vero
488 707 616 770 magnae
631 688 737 771 tyches
753 686 914 769 potestatis
925 686 999 750 fides
1015 685 1048 749 iu
1063 686 1189 769 vulgum
1206 687 1256 749 in·

128 797 256 873 vaserit,
269 794 420 859 recentior
438 795 546 859 Attica
561 793 716 859 comoedia
732 813 786 858 nos
803 796 895 875 atque
913 793 945 857 in
962 792 1071 874 primis
1090 793 1256 857 Menander

129 903 223 968 docet
238 906 272 982 ¹).
311 902 398 967 Unde
421 901 580 983 perspicua
603 902 665 965 iam
689 900 725 966 fit
740 901 872 965 mutatio
888 900 920 964 in
937 900 1097 964 hominum
1114 901 1255 982 opinione

128 1012 272 1093 peracta3
289 1029 360 1074 nam
378 1010 490 1092 tyohen
506 1011 596 1073 autea
611 1007 784 1072 sacerrimis
799 1011 889 1091 atque
904 1007 1094 1091 gravissimis
1109 1006 1256 1088 epithetis

129 1119 274 1182 ornatam
303 1132 482 1196 semperque
511 1133 623 1197 magna
657 1133 727 1178 cum
762 1112 956 1178 veneratione
990 1114 1140 1196 prolatam
1173 1131 1256 1177 nunc

129 1240 255 1288 caecam
286 1224 318 1285 et
346 1220 503 1285 infelicem
527 1221 588 1286 vim
618 1220 836 1304 cognoscimus.
883 1219 1064 1298 Menander,
1094 1220 1146 1285 IV.
1174 1227 1255 1286 195:

130 1327 256 1415 τυφλόν
279 1349 313 1411 χε
335 1324 392 1392 καὶ
414 1326 564 1414 δύστηνύν
579 1325 666 1392 ἐστιν
688 1328 708 1403 ἡ
731 1326 818 1414 τύχη.
857 1327 932 1390 Eam
957 1325 1085 1391 rationis
1101 1329 1256 1407 expertem

130 1436 221 1499 affert
248 1435 348 1510 idem,
382 1434 434 1498 IV.
471 1441 556 1499 291:
591 1433 686 1520 τύχης
720 1431 825 1498 deoru.
877 1432 999 1516 Magnis
1035 1433 1257 1498 mutationibus

131 1540 251 1606 effectis
273 1539 385 1624 gaudio
408 1541 550 1604 exsultat.
592 1540 673 1605 Men.
695 1540 748 1604 IV.
775 1547 856 1604 151:
880 1539 925 1617 ὡς
948 1536 1099 1604 ποικίλον
1122 1527 1253 1625 πρᾶγμ’

131 1645 203 1714 ἐστι
233 1645 291 1712 καὶ
322 1645 447 1712 πλάνον
474 1646 561 1733 τύχη.
615 1647 666 1710 lV.
699 1655 780 1712 252:
814 1642 840 1710 ὦ
870 1646 1069 1728 μεταβολαῖς
1095 1643 1255 1732 χαίρουσα

131 1750 311 1831 παντοίαις
343 1754 436 1840 Τύχη.
484 1753 549 1817 lam
579 1752 808 1829 Chaeremonis,
837 1752 1000 1817 clarissimi
1030 1753 1255 1836 tragoediarum

131 1860 307 1941 scriptoris,
339 1859 516 1924 meminisse
539 1860 697 1936 convenit,
721 1859 775 1942 qui
798 1859 885 1923 illam
910 1878 1014 1924 vocem
1037 1858 1149 1924 edidit:
1178 1859 1255 1945 τύχη

133 1967 177 2031 τὰ
191 1971 323 2054 θνητῶν
338 1954 523 2052 πράγματ’,
548 1964 605 2031 οὐκ
620 1962 786 2049 εύβουλιά;
809 1984 885 2048 quae
908 1967 999 2030 rerba
1022 1966 1142 2048 saepius
1160 1966 1256 2030 citata

132 2072 364 2153 Theophrastus
393 2090 513 2155 quoque
535 2072 686 2155 professus
715 2076 762 2136 est
791 2075 823 2136 et
846 2072 1030 2137 Plutarchus
1058 2073 1090 2136 in
1115 2090 1169 2136 sua
1192 2072 1255 2148 „da

131 2180 282 2243 fortuna“
313 2178 363 2243 oui
393 2178 573 2244 inscribitur
603 2178 817 2244 dissertatione
846 2197 911 2242 rem
941 2178 1093 2260 incipiens
1121 2197 1255 2243 comme·

132 2284 273 2349 muravit.
332 2285 450 2368 syenes
485 2287 689 2367 potestatem,
728 2304 799 2349 cum
830 2284 1031 2350 immoderate
1066 2285 1109 2349 sit
1145 2288 1177 2350 et
1206 2285 1255 2349 iu·

133 2390 270 2468 definita,
294 2390 447 2468 confiteri,
472 2391 578 2469 vereri,
602 2409 698 2473 aequo
721 2392 824 2455 animo
847 2393 925 2456 ferre
948 2390 1100 2474 optimum
1124 2390 1254 2457 videtur.

133 2497 218 2561 Men.
246 2497 300 2562 IV.
329 2505 409 2564 345:
441 2496 545 2580 ζῶμεν
572 2499 658 2583 πρὸς
685 2495 784 2585 αὐτὴν
812 2498 870 2585 τὴν
897 2497 992 2585 τύχην
1021 2493 1052 2563 οὶ
1082 2498 1254 2585 σώφρονες.

132 2602 213 2668 Cum
235 2604 326 2687 tycho
348 2604 381 2667 in
404 2603 471 2686 ipsa
494 2603 649 2670 comoedia
671 2606 759 2669 tanta
781 2603 964 2669 auctoritate
979 2604 1127 2683 floruerit,
1144 2623 1255 2687 cogno-

133 2709 265 2788 scimus,
294 2713 480 2793 quantopere
510 2711 621 2793 populo
654 2729 831 2794 persuasum
867 2711 962 2776 fuerit
988 2730 1056 2776 eam
1085 2711 1255 2795 plurimum

132 2815 234 2882 valere
268 2815 306 2881 ad
341 2817 503 2882 hominum
533 2837 582 2882 res
611 2817 881 2901 intellegimusque
911 2817 1062 2882 eiusmodi
1091 2819 1125 2882 iu
1147 2836 1255 2883 scaena

132 2922 369 2988 exclamationes
391 2926 429 2988 ad
452 2923 549 3006 ipsius
571 2924 676 3006 populi
700 2924 875 3006 opinionem
895 2926 1136 2990 accommodatas
1159 2943 1231 2989 esse.

199 3031 237 3094 In
268 3028 393 3096 Graecis
422 3050 561 3096 amorum
596 3031 709 3096 fabulis
743 3030 919 3112 posterioris
951 3032 1098 3114 temporis
1131 3032 1255 3096 tortum

133 3136 303 3220 plurimum
333 3138 413 3220 agit,
445 3157 515 3203 oum
546 3141 684 3203 amantes
711 3138 850 3221 quamvis
878 3139 967 3203 rebus
991 3137 1124 3202 adversis
1147 3156 1255 3202 cumu-

134 3243 207 3308 latis
237 3246 268 3308 et
297 3244 488 3327 gravissimis
518 3244 639 3309 casibus
665 3243 796 3309 afflictos
822 3247 927 3309 tamma
957 3244 1079 3324 copulet
1108 3243 1254 3328 bonisque

134 3350 276 3414 omnibus
305 3351 503 3434 prosequatur
516 3351 552 3434 ²).
603 3352 640 3414 lu
669 3351 776 3415 Babrii
807 3368 926 3433 quoque
956 3349 1070 3414 fabulis
1098 3350 1174 3414 haec
1199 3370 1253 3416 no·

133 3455 182 3520 bis
205 3455 330 3520 offertur
352 3459 500 3539 potestas,
524 3456 675 3540 adquam
699 3460 851 3540 postremo
874 3456 977 3521 omnia
999 3456 1169 3521 reducenda
1191 3457 1255 3523 sint

134 3561 311 3644 (us.1a3).
1224 3628 1226 3630 ,

200 3668 266 3734 Νοο
284 3688 354 3734 vero
375 3669 474 3734 solum
489 3669 601 3753 vulgus
615 3670 727 3753 tychen
739 3670 865 3751 accepit,
878 3669 930 3734 sed
946 3670 1040 3734 etiam
1056 3670 1253 3735 historiarum

134 3774 294 3856 scriptores
317 3793 384 3839 eam
407 3793 509 3839 rerum
533 3778 688 3859 gestarum
709 3776 894 3841 effectricem
917 3776 1099 3842 attulerunt.
1139 3776 1253 3840 Deme·

203 4039 231 4103 1)
249 4039 289 4092 De
308 4039 385 4108 tycho
403 4040 431 4093 in
449 4040 580 4094 comoedia
598 4044 740 4111 apparente
759 4042 791 4096 ef.
810 4041 845 4095 H.
864 4041 882 4095 J
887 4042 996 4109 scobi,
1021 4041 1103 4096 Index
1128 4040 1251 4094 dictionis

135 4127 244 4181 comicae
262 4128 284 4182 1.
303 4129 370 4195 2253
389 4129 425 4182 II.
445 4130 596 4184 roal—83.

203 4236 232 4302 2)
259 4234 297 4291 Cf.
321 4235 350 4290 Ε.
373 4236 509 4305 Rohde,
538 4238 592 4291 Dor
614 4238 775 4306 griechischo
798 4238 899 4291 Roman
927 4238 981 4291 und
1010 4236 1079 4290 scine
1106 4236 1251 4304 Vorlituler,

135 4342 159 4395 p.
176 4325 229 4380 276
237 4342 293 4395 sqq.
