3084 4834
269 425 303 487 et
332 421 436 487 odium
466 421 554 487 nobis
583 422 758 499 contrahat,
793 421 970 487 hominibus
1004 422 1104 506 magis
1131 423 1324 506 patientibus
1355 445 1392 492 ac

270 528 456 606 ferentibus,
479 531 515 593 ιιι
540 528 671 593 aliorum
698 529 822 594 fortuna
843 546 936 612 quam
961 529 997 593 ut
1019 527 1136 595 virtuts
1158 534 1392 614 exsuperantur3

271 653 344 700 uam
359 633 485 700 virtutis
500 633 637 701 defectus
658 634 691 699 in
715 637 854 700 nostrum
877 637 969 717 caput
991 633 1112 713 incidit,
1136 635 1189 701 sed
1212 638 1249 702 ut
1270 637 1394 705 fortuna

272 758 438 816 careamus,
460 759 522 805 non
544 742 608 805 stat
629 758 683 822 par
706 759 769 805 nos

341 847 397 911 Vis
419 846 597 911 hominihus
611 845 715 911 omnia
737 846 821 912 mala
835 847 926 929 atque
948 845 1140 912 incommoda
1154 845 1290 915 inferens
1305 851 1395 934 tycho

274 971 338 1018 esse
367 951 490 1017 videtur
518 951 552 1016 in
582 951 689 1017 libello
719 952 781 1030 „de
810 951 1036 1035 tranquillitate
1064 952 1207 1032 auimi“,
1235 955 1288 1020 uhi
1317 956 1395 1041 (cap.

276 1063 420 1138 16-19)
437 1058 542 1142 tyches
556 1057 723 1125 auctoritas
737 1059 771 1123 in
794 1059 939 1141 exiguum
954 1062 1178 1142 augustumque
1193 1061 1396 1128 concluditur.

274 1163 406 1231 Etiamsi
428 1164 568 1261 fortunae
590 1164 678 1229 nobis
700 1163 843 1229 morbum
865 1164 1055 1244 incutientia,
1077 1183 1183 1231 omnes
1198 1165 1323 1232 divitias
1345 1167 1398 1234 de·
1512 1168 1513 1187 ι

164 1338 168 1344 ,
276 1270 438 1347 trahentis,
461 1269 625 1352 populius
647 1271 729 1354 regis
752 1269 858 1335 odium
881 1271 913 1335 at
935 1269 1085 1336 inuidiam
1107 1271 1241 1337 afflantis
1263 1273 1400 1357 impetus
1512 1322 1513 1337 .

276 1378 407 1442 tolerare
434 1395 494 1442 nou
522 1395 697 1458 possumus,
728 1380 833 1442 tamen
863 1375 970 1441 eadem
993 1376 1166 1442 sacerrimis
1193 1378 1298 1458 donis,
1322 1400 1399 1465 quae

278 1485 436 1566 tamquam
459 1483 618 1548 meliorem
641 1485 777 1548 nostram
801 1488 919 1565 partam
943 1483 1072 1547 maximi
1093 1484 1309 1564 aestimamus,
1338 1486 1400 1553 sci·

279 1589 356 1655 lieet
378 1589 505 1654 consilio
529 1590 631 1654 nostro
647 1591 679 1654 et
695 1589 820 1665 virtute,
836 1608 890 1653 nos
905 1608 1073 1670 numquam
1089 1589 1209 1672 privare
1225 1610 1281 1656 neo
1295 1592 1400 1672 bonos,
1512 1614 1513 1661 ι

278 1695 382 1777 fortes,
405 1694 618 1778 magnanimos
640 1695 780 1760 homines
802 1695 988 1772 inhonestos,
1011 1695 1145 1778 ignauos,
1162 1695 1260 1762 malos
1274 1698 1401 1764 reddere

279 1803 390 1884 potest.
426 1801 534 1882 Qualis
549 1801 696 1885 cogitatio
719 1801 783 1867 sola
805 1820 860 1866 uos
875 1800 1023 1866 iniustam
1040 1802 1144 1885 tyohes
1159 1800 1402 1869 dominationem

279 1907 436 1973 intuentos
459 1907 607 1973 consolari
629 1908 739 1991 potest,
763 1927 834 1972 cum
849 1907 1043 1991 perspicuum
1065 1907 1200 1974 hominis
1215 1909 1402 1976 desiderium

280 2013 338 2091 sit,
367 2015 404 2079 ut
425 2032 557 2097 aequum
585 2015 724 2080 fortunas
754 2017 786 2079 et
814 2013 941 2080 virtutis
970 2013 1093 2078 modum
1123 2014 1157 2078 in
1186 2015 1276 2081 rebus
1306 2017 1404 2100 gestis

281 2119 478 2202 reperiamus.
524 2119 616 2200 Quas.
638 2121 773 2186 humana
794 2120 874 2186 ratio
897 2123 930 2186 et
959 2119 1012 2184 hic
1041 2122 1074 2185 et
1095 2120 1205 2187 multis
1233 2121 1306 2187 aliis
1326 2123 1404 2189 locis

281 2226 414 2293 stoicum
431 2225 562 2292 colorem
578 2226 780 2309 praesefert,
798 2226 918 2310 fuitque
932 2225 1119 2291 Plutarchus
1138 2228 1278 2308 quamvis
1292 2228 1405 2294 stoicos

283 2332 480 2398 vehementer
502 2332 699 2416 impugnaret
720 2333 759 2398 ab
783 2352 887 2399 eorum
910 2332 1074 2399 sententiis
1095 2332 1225 2397 minime
1247 2334 1405 2399 abaliena-

283 2440 336 2504 tus
350 2439 384 2522 ¹).
430 2439 539 2521 Itaque
562 2458 623 2504 non
646 2439 849 2523 ignorandum
880 2437 988 2504 estad
1011 2438 1214 2503 Plutarchum
1237 2439 1405 2506 stoicorum

285 2543 454 2610 doctrinam
470 2546 650 2629 plerumque
673 2545 798 2629 quidem
820 2565 838 2610 a
854 2564 885 2609 se
900 2547 1104 2623 amoventem,
1121 2546 1175 2610 sed
1196 2564 1257 2611 non
1279 2546 1406 2612 omnino

285 2650 497 2734 repudiantem
514 2651 625 2717 stoicas
637 2670 757 2734 quoque
769 2651 938 2717 sententias
949 2650 1066 2735 aliquid
1078 2651 1210 2716 valuisse
1224 2652 1259 2737 ι).
1289 2651 1406 2732 Quam·

285 2776 375 2841 quam
396 2757 479 2822 omni
498 2758 587 2823 modo
606 2777 659 2841 pro
673 2758 802 2824 Platone
818 2758 919 2824 stabat
936 2761 977 2836 et,
996 2776 1074 2840 quae
1089 2756 1128 2822 ad
1142 2757 1295 2840 principia
1308 2757 1405 2840 perti·

286 2865 371 2941 nent,
395 2862 461 2928 eius
476 2863 646 2930 doctrinam
662 2867 828 2947 acceperat,
846 2867 950 2929 tamen
964 2863 1143 2929 Aristotelis
1158 2882 1278 2948 quoque
1294 2863 1407 2945 scripta

288 2968 412 3052 cognita
435 2970 545 3035 habuit
568 2973 599 3035 et
613 2971 775 3054 praecipue
791 2971 1036 3053 Theophrastum
1059 2972 1180 3036 secutus
1203 2970 1300 3054 est⁸).
1333 2968 1407 3035 Siue

288 3074 381 3141 dubio
397 3076 582 3143 Plutarchus
604 3076 823 3160 philosophicis
840 3075 955 3142 litteris
973 3075 1098 3158 penitus
1114 3075 1253 3140 eruditus
1271 3079 1348 3153 erat,
1363 3076 1409 3140 ita

287 3184 325 3248 t
287 3201 373 3247 er
393 3182 479 3247 nulla
501 3181 686 3248 Graecorum
709 3183 959 3266 philosophorum
978 3182 1082 3247 schola
1103 3183 1210 3264 ignota
1225 3185 1314 3247 esset.
1349 3181 1409 3247 Sed

288 3288 448 3372 proximus
470 3292 537 3354 erat
559 3289 693 3367 Platoni,
716 3308 809 3372 quem
832 3289 898 3354 sine
920 3288 985 3353 ulla
1008 3286 1184 3353 condicione
1210 3287 1410 3365 imitabatur

289 3395 427 3480 singulos
448 3397 553 3462 autern
576 3395 752 3461 Platonicos
774 3414 862 3478 saepo
884 3395 947 3460 acri
969 3393 1084 3460 iudicio
1106 3393 1312 3477 percensebat.

364 3626 391 3695 1)
409 3626 537 3681 Stoicos'
529 3643 557 3680 ιιι
576 3626 662 3680 trihus
680 3626 735 3679 illis
754 3624 811 3693 „de
828 3623 1011 3695 repugnantiis
1029 3622 1156 3689 Stoicis‘t
1181 3622 1302 3689 „stoicos
1320 3621 1411 3675 absur-

291 3715 365 3769 diora
382 3716 467 3785 potitis
486 3715 603 3782 dicers“,
623 3714 677 3782 „ds
695 3714 874 3769 communibus
892 3712 1022 3767 notitiis“
1046 3714 1075 3766 at
1097 3709 1264 3781 Epicureos
1255 3726 1285 3764 ιιι
1304 3709 1410 3779 scriptis

292 3821 368 3873 „non
386 3821 464 3874 posse
482 3804 598 3858 suaviter
611 3805 662 3858 ιιιι
676 3804 819 3858 secundum
832 3802 939 3872 Epicuri
953 3800 1088 3868 deorata‘ss
1107 3799 1253 3867 „adversus
1266 3797 1410 3864 (ιοιοιιιιιιζ
1512 3790 1513 3795 '

293 3893 348 3961 „da
365 3892 483 3947 latenter
500 3892 629 3947 vivando“
649 3893 788 3963 impugnat
806 3890 974 3945 Plutarchus.

364 3983 392 4044 2)
410 3981 449 4038 (ιι.
467 3972 644 4050 (ιιοιιιις,
664 3980 821 4037 Gesohichta
839 3980 886 4034 der
898 3977 1115 4049 Phrlosophro
1085 3976 1182 4031 II..ad
1203 3974 1281 4030 1865.
1309 3974 1332 4043 Ι,
1351 3975 1410 4029 210.

292 4071 322 4126 Ε.
340 4072 468 4139 Zellar,
493 4072 511 4125 l.
531 4088 553 4125 c.
578 4070 628 4125 ΙΙΙ
649 4073 679 4138 2,
704 4070 865 4140 p159sqq
901 4068 926 4122 J.
945 4066 1051 4134 Murri,
1075 4064 1274 4120 Plutarohrsehe
1292 4063 1411 4128 Studien

293 4159 437 4229 Augaburg
456 4160 534 4227 1885,
552 4177 578 4229 p.
597 4160 641 4212 92.

366 4250 395 4314 3)
413 4247 451 4302 cf.
470 4248 499 4302 L.
516 4245 685 4313 Schmidt,
703 4246 721 4299 l.
740 4261 762 4299 c.
782 4244 803 4311 I,
822 4244 866 4299 40.
