3084 4834
329 456 394 522 lam
418 457 455 523 ad
471 458 610 522 fortunae
634 458 667 522 in
684 457 843 522 Plutarchi
866 457 1008 539 operibus
1023 457 1179 522 notionem
1195 457 1381 539 perspicien-

262 562 331 628 dam
355 563 565 647 aggredientes
595 563 687 629 initio
717 563 797 628 locos
826 563 862 627 ad
888 563 980 627 finem
1009 563 1096 627 nobis
1119 565 1305 646 propositum
1328 585 1382 630 va·

261 671 360 734 lentes
389 671 577 737 conferemus
612 669 765 750 simulque
795 687 846 733 cos
879 669 934 733 suh
965 669 1135 733 rationibus
1163 671 1383 736 collocabimus

262 780 294 841 et
309 777 510 858 disponemus,
534 795 609 858 quae
625 775 714 841 nohis
736 777 774 839 ad
791 776 946 839 notionem
963 775 1188 840 diiudicandum
1205 777 1383 859 aptissimae

263 883 414 947 videntur.
462 882 578 946 Deinde
602 882 860 946 considerabimus
884 901 935 958 ea,
959 901 1035 965 quae
1060 883 1242 947 Plutarchus
1265 883 1301 947 de
1325 884 1383 948 hac

263 991 388 1054 notione
412 989 445 1053 in
468 990 591 1071 scriptis
613 990 677 1053 suis
701 988 878 1062 moralibus,
902 1008 937 1052 ac
960 989 1120 1071 praecipue
1139 989 1171 1052 in
1191 988 1382 1055 dissertatio·

264 1096 355 1161 nibus
378 1095 441 1173 „de
465 1095 624 1172 fortuna“,
649 1094 711 1173 „de
734 1097 942 1160 Romanorum
957 1095 1115 1172 fortuna“,
1140 1096 1201 1173 „do
1216 1097 1384 1162 Alexandri

263 1203 368 1284 magni
380 1203 444 1267 sive
461 1202 575 1266 virtute
587 1202 650 1267 sive
663 1202 809 1266 fortunau
822 1201 989 1266 theoretice
1005 1206 1037 1266 et
1051 1202 1149 1286 magis
1162 1222 1197 1267 ex
1208 1203 1285 1268 artis
1295 1223 1384 1286 prae-

266 1310 363 1392 ceptis
382 1309 529 1391 exposuit,
546 1312 578 1372 et
592 1311 744 1389 postremo
761 1327 797 1373 ex
813 1327 933 1372 summa
948 1308 985 1372 dc
1001 1309 1210 1391 philosophica
1224 1312 1317 1391 atque
1333 1310 1385 1374 hi-

264 1417 376 1481 storica
391 1415 546 1498 scriptoris
558 1415 675 1480 ratione
692 1415 907 1480 concludemus
923 1417 1170 1498 coniecturaeque
1185 1416 1333 1481 faciemus
1349 1420 1383 1501 ¹).

332 1523 426 1588 Initio
448 1521 571 1605 quidem
594 1522 790 1605 gravissimos
818 1523 900 1586 locos
921 1521 959 1585 ad
990 1524 1123 1588 nostram
1148 1523 1384 1605 explicationem

264 1629 461 1711 respicientes
484 1628 677 1693 intuentibus
699 1629 907 1693 annotandum
932 1632 978 1692 est
1002 1648 1064 1704 nos,
1089 1629 1160 1693 dum
1178 1629 1312 1695 diversas
1328 1650 1385 1694 no·

265 1737 364 1801 tiones
393 1755 447 1818 per
477 1735 611 1816 capitula
640 1735 773 1816 praecise
803 1735 1038 1818 distinguimus,
1067 1736 1285 1818 expositionem
1313 1741 1384 1801 tan-

265 1847 334 1907 tum
356 1879 400 1888 -
431 1841 519 1906 modo
549 1840 760 1906 dilucidiorem
792 1841 924 1906 facturos
954 1842 1046 1906 fuisse
1074 1862 1169 1925 neque
1200 1842 1263 1907 ullo
1294 1843 1384 1908 modo

266 1950 439 2032 opinionem
464 1949 606 2031 praebere
630 1949 760 2013 voluisse
784 1948 871 2030 quasi
894 1948 1077 2013 Plutarchus
1102 1949 1261 2013 notionum
1285 1951 1383 2014 varie-

266 2057 340 2121 tatis
363 2074 482 2138 semper
505 2055 641 2119 conscius
664 2053 781 2120 fuisset.

332 2164 356 2227 Ι.
393 2163 533 2227 Primum
555 2163 646 2245 tycho
668 2161 845 2244 saepissime
875 2162 907 2225 in
930 2162 1052 2243 scriptis
1075 2161 1241 2226 moralibus
1270 2168 1305 2228 ut
1328 2162 1385 2227 dea

265 2269 333 2335 visu
361 2270 504 2350 tactuque
533 2268 696 2332 manifesta
724 2271 870 2332 versatur.
917 2266 953 2331 de
981 2267 1051 2332 fort.
1076 2277 1111 2332 4:
1142 2268 1200 2354 τὴν
1229 2269 1289 2355 γὰρ
1311 2256 1384 2352 Ἕρ-

266 2373 363 2462 χύνην
385 2369 419 2438 αἶ
443 2371 550 2454 τέχναι
573 2372 736 2460 πάρεδρον
758 2371 795 2438 ού
817 2374 874 2460 τὴν
897 2374 999 2460 Τύχην
1021 2368 1137 2454 ἔχουσι.
1177 2382 1214 2438 5:
1237 2372 1280 2461 τῇ
1300 2374 1384 2462 Τύχη

266 2479 524 2568 προςεοχύμενος.
571 2480 607 2544 da
631 2483 719 2546 Rom.
744 2481 814 2545 fort.
839 2489 876 2546 3:
901 2478 959 2546 ἐπὶ
982 2482 1039 2568 τὴν
1061 2480 1226 2566 σύγκρισιν
1248 2479 1306 2545 καὶ
1329 2482 1386 2545 τὸν

266 2587 375 2673 ἀγῶνα
405 2587 462 2675 τήν
490 2611 525 2652 τε
552 2587 655 2675 Τύχην
684 2586 740 2652 καὶ
763 2588 820 2674 την
849 2586 964 2674 ἀρετὴν
986 2585 1192 2670 βαδιζούσας.
1216 2625 1260 2634 -
1282 2609 1385 2652 σπεα-

268 2695 384 2782 δούσης
407 2706 463 2782 της
483 2694 593 2781 Τύχης.
638 2703 676 2758 4:
699 2707 757 2782 της
779 2691 816 2759 δὲ
842 2693 944 2780 Τύχης
966 2689 1023 2771 oga
1044 2691 1103 2775 μὲν
1125 2695 1162 2759 νδ
1184 2691 1304 2782 κίνημα
1327 2691 1385 2758 καὶ

267 2803 378 2887 θρασύ
401 2802 438 2866 τὸ
454 2799 604 2888 φρόνημα
627 2799 684 2865 καὶ
704 2801 905 2885 μεγάλαυχον
928 2801 947 2887 ἡ
971 2797 1075 2877 ἐλπίς.
1114 2800 1188 2883 Spes
1203 2804 1235 2865 et
1250 2801 1386 2865 Fortuna

267 2907 443 2989 saepissime
478 2908 559 2972 inter
594 2925 625 2971 se
660 2907 804 2990 coniungi
834 2907 949 2983 solent3
982 2907 1062 2971 hanc
1095 2907 1151 2972 illa
1179 2906 1334 2972 antecedit
1362 2911 1385 2991 ).

269 3091 298 3144 F.
317 3091 497 3159 Roesiger,
516 3092 565 3145 Die
584 3092 740 3159 Bedeutung
765 3092 812 3144 der
830 3091 915 3160 Tycha
939 3092 981 3145 bei
1000 3091 1048 3145 den
1069 3096 1189 3161 spiteren
1207 3092 1386 3161 griechischen

268 3180 444 3247 Historilrem,
462 3199 487 3250 p.
507 3182 550 3234 13.

341 3269 368 3334 1)
387 3268 458 3333 Quas
477 3269 510 3322 ad
529 3271 597 3323 vitas
615 3270 753 3339 parallelas
779 3270 927 3339 pertinent,
947 3269 1087 3324 editionem
1110 3287 1141 3323 ex
1163 3271 1310 3324 recensione
1328 3271 1387 3324 Siu-

270 3359 338 3411 tenis
357 3362 472 3411 exortam
492 3361 598 3412 secutus
615 3376 672 3411 sum
690 3358 838 3425 (Plutarchi
856 3358 925 3411 vitae
943 3358 1090 3427 parallelae.
1117 3357 1219 3411 lterum
1237 3361 1387 3428 recognovit

268 3447 327 3502 Car.
353 3446 476 3501 Sintenis.
505 3447 539 3502 ΙΙ.
564 3446 943 3518 ed.Lipsia01879-1888.
968 3446 1095 3512 Teubner,
1119 3445 1177 3501 Vol.
1197 3447 1230 3513 V)
1237 3469 1243 3513 ;
1268 3465 1333 3517 quae
1351 3448 1387 3502 ad

269 3536 368 3605 scripta
386 3536 495 3588 moralia
513 3538 643 3605 spectant,
657 3537 823 3590 novissimam
839 3553 916 3605 quam
931 3536 1032 3588 curavit
1045 3535 1227 3602 Bernardakis,
1246 3536 1387 3590 editionem

269 3625 417 3694 comparavi
434 3625 581 3690 (Plutarchi
599 3626 708 3678 moralia
725 3626 877 3693 recognovit
895 3623 1036 3692 Gregorius
1059 3625 1092 3678 N.
1116 3624 1299 3679 Bernardalris.
1327 3625 1386 3680 Vol.

269 3714 283 3767 Ι
303 3730 328 3766 u.
348 3712 383 3767 ΙΙ.
411 3714 513 3783 Lipsiae
533 3714 733 3781 raas—1889),
761 3714 823 3779 sed,
847 3731 905 3766 cum
924 3731 980 3766 eam
999 3731 1051 3766 nou
1074 3712 1170 3766 iniuria
1191 3714 1332 3784 improbari
1350 3715 1387 3767 vi-

269 3804 343 3856 deam
363 3803 405 3868 (cf.
424 3802 631 3856 Wilamoritzius
656 3803 688 3856 de
712 3803 885 3856 Moellendorf
905 3803 933 3855 in
958 3802 1011 3856 ind.
1035 3803 1109 3868 leot,
1132 3800 1276 3870 thtingen
1302 3804 1386 3870 1889;

269 3892 346 3946 item:
375 3892 412 3945 Zu
440 3891 628 3945 Plutarchs
661 3890 800 3946 Gastmahl
830 3891 876 3944 der
907 3892 994 3944 siehen
1023 3891 1142 3958 Weiseu,
1169 3891 1279 3946 Hermes
1308 3893 1386 3960 1890,

269 3998 295 4050 p.
315 3981 450 4050 196sqq.)‚
470 3981 606 4050 praecipue
620 3981 751 4035 Deubnsri
764 3981 905 4034 editionem
919 3983 1024 4033 secutus
1039 3997 1097 4033 sum
1115 3981 1261 4048 (Plutarchi
1276 3980 1387 4036 Chaero-

269 4069 358 4123 nensis
378 4070 478 4139 scripta
495 4070 611 4122 moralia.
635 4069 751 4123 Parisiis.
770 4068 877 4122 Editore
895 4068 995 4134 Didot).

342 4159 369 4224 2)
388 4158 426 4213 of.
446 4158 536 4223 Birt,
561 4157 680 4228 Elpides‚
707 4176 732 4227 p.
752 4158 818 4211 125:
843 4157 919 4224 „Der
937 4157 1087 4211 Historilrer
1105 4157 1186 4210 deukt
1204 4159 1260 4211 sich
1278 4159 1322 4212 hir
1340 4158 1388 4212 das

270 4246 351 4315 ewige
371 4245 454 4301 Gllick
472 4247 553 4301 Roms
572 4247 614 4300 die
632 4247 803 4318 patriotische
821 4246 957 4315 Hoffnung
975 4247 1021 4300 der
1038 4246 1133 4299 Rbmer
1151 4247 1191 4299 als
1209 4248 1386 4316 notwandiges

270 4335 460 4391 Antecedens.“
498 4336 536 4391 Cf.
555 4354 580 4407 p.
600 4338 643 4391 15.
663 4338 742 4407 65sq.
