3084 4834
104 514 186 576 recte
209 512 383 593 gubernari.
431 512 579 577 Videmus
601 514 653 578 hic
674 534 798 598 gravem
816 515 987 596 seriemque
1010 515 1097 579 deum
1121 515 1222 580 medio
1344 551 1348 560 ·

104 618 137 682 in
164 617 276 685 ,mundi
307 618 410 683 divino
440 619 544 684 ordine
579 623 712 686 stantem
742 640 778 686 ac
806 621 903 686 reteri
937 621 1080 704 religioni
1109 622 1223 701 optime

105 725 380 802 accommodatam,
410 744 502 808 quam
530 727 625 791 etiam
655 727 826 811 Aeschylus
855 729 887 791 et
916 726 1077 809 Sophocles
1104 726 1224 809 saepius

106 833 348 896 commemorant
370 831 513 914 (Choeph.
539 843 590 898 51.
617 843 691 899 771.
722 834 832 917 rigam.
859 842 930 899 664.
962 833 1034 900 Oed.
1059 835 1095 898 R.
1121 841 1223 915 10803

106 938 183 1019 quin
207 937 259 1001 hic
282 939 375 1002 etiam
399 939 548 1022 hymnum
571 939 604 1003 in
629 941 738 1024 tycheu
755 941 925 1022 scripserat,
949 939 1060 1023 Bergk,
1082 940 1151 1023 Ityr.
1169 940 1223 1003 llI.

42 1058 43 1061 ’
107 1043 377 1129 ed.p.1352sq.).
408 1046 577 1110 Paullatim
601 1047 740 1113 fortunae
758 1046 894 1131 cognitio
916 1047 948 1110 in
973 1045 1115 1112 omnibus
1130 1044 1225 1110 Grae·

106 1168 212 1214 corum
237 1150 476 1233 cogitationibus
498 1152 613 1217 maiore
636 1153 820 1218 auctoritate
849 1151 954 1217 florere
984 1153 1099 1234 coepit,
1124 1153 1227 1217 itaut

108 1256 282 1320 Herodotus
304 1276 371 1321 eam
402 1259 522 1340 saepius
551 1260 672 1336 afferat,
701 1260 840 1343 quamvis
870 1257 987 1342 fingens
1017 1260 1144 1342 quasia
1167 1258 1227 1323 diis

107 1362 250 1438 missam,
280 1383 350 1428 curn
380 1365 474 1429 etiam
505 1366 638 1448 speciem
669 1365 803 1448 neglecti
836 1364 961 1430 deorum
985 1365 1086 1429 cultus
1109 1365 1228 1429 evitans

107 1468 288 1552 plerumque
326 1467 406 1535 θεία
447 1473 493 1535 rel
532 1467 569 1536 ἐκ
604 1481 662 1536 τοῦ
696 1468 791 1536 θείου
827 1470 973 1535 vocabula
1009 1471 1121 1535 addat:
1156 1470 1225 1534 Vll.

110 1585 170 1641 10:
201 1571 229 1639 εἰ
259 1576 319 1663 γάρ
349 1575 406 1641 καὶ
442 1575 680 1666 ἐναντιωθῆναί
710 1601 743 1642 τι
785 1575 894 1656 θέλει,
926 1577 1134 1660 βεβούλευται
1168 1574 1228 1659 μὲν

107 1679 201 1746 ούδέν
223 1675 321 1768 ἧσσον
352 1678 400 1762 εί),
424 1681 565 1749 ἕσσωται
594 1682 630 1748 δέ
657 1683 724 1748 ύπδ
754 1696 811 1770 της
833 1683 927 1769 τύχης
949 1683 988 1747 τδ
1009 1682 1186 1766 βούλευμα·
1210 1682 1228 1748 δ

108 1785 147 1851 δέ
169 1787 425 1870 βουλευσάμενος
448 1785 604 1875 αἰσχρῶς,
634 1787 662 1855 εἰ
692 1786 723 1855 oi
754 1789 872 1878 ητύχη
896 1785 1084 1868 ἐπίσποιτο,
1107 1789 1229 1876 εὕρημα

108 1894 238 1980 εὕρηκε,
270 1889 369 1980 ἧσσον
399 1893 435 1960 δέ
463 1893 554 1960 ούδίν
583 1891 613 1961 oi
646 1910 755 1973 κακῶς
783 1894 1003 1979 βεβούλευται.
1049 1894 1078 1958 Α
1108 1895 1229 1979 Thucy·

108 1999 182 2064 dide
207 2000 269 2065 iam
293 2005 329 2066 ut
351 2002 532 2084 gravissima
554 2023 655 2068 rerum
680 2006 838 2086 gestarum
860 2003 966 2084 regina
992 2001 1131 2077 affertur,
1154 2020 1229 2085 quae

108 2107 235 2171 etiamsi
259 2108 386 2174 intimas
409 2109 569 2174 hominum
586 2110 788 2193 cogitationes
804 2111 835 2172 et
853 2108 980 2173 consilia
1003 2108 1131 2172 minime
1153 2106 1230 2171 diri·

108 2232 184 2295 gere
208 2214 256 2277 vel
279 2217 399 2279 mutare
428 2217 541 2297 possit,
569 2236 646 2298 quae
677 2219 763 2280 extra
792 2216 931 2279 homines
959 2217 1032 2279 sunt
1058 2218 1153 2279 sortes
1182 2214 1231 2278 iu·

108 2320 245 2384 solenter
261 2322 423 2386 constituit
439 2324 588 2407 regitque,
611 2323 657 2388 ita
679 2324 715 2387 ut
737 2325 856 2405 praeter
879 2320 1048 2387 tralaticios
1071 2320 1141 2385 deos
1156 2339 1233 2385 nora

108 2446 214 2490 rerum
240 2427 363 2493 domina
386 2448 449 2494 esse
473 2430 621 2506 videatur,
644 2424 703 2494 non
728 2447 825 2505 caeco,
848 2428 901 2492 scd
923 2426 1090 2491 secundum
1107 2427 1232 2492 obscura

109 2535 143 2597 et
168 2532 206 2597 ab
221 2535 406 2600 ·hominibus
430 2536 617 2618 inexplorata
640 2536 766 2601 consilia
791 2534 969 2599 mortalium
997 2537 1093 2600 sortes
1120 2534 1232 2616 guber·-

108 2659 198 2705 nanS.
246 2642 271 2705 l.
303 2650 382 2708 1401
411 2642 526 2730 διόπερ
555 2643 611 2708 καὶ
638 2643 696 2730 τὴν
724 2643 834 2729 τύχην,
863 2641 925 2706 ὅσα
955 2640 993 2704 δίν
1022 2640 1116 2725 παρὰ
1139 2639 1233 2723 λόχον

108 2744 238 2834 ξυμβῇ,
268 2745 433 2831 εἰώθαμεν
462 2746 649 2815 αἰτιᾶσθαι.
697 2751 720 2814 Ι.
754 2758 835 2813 1441
865 2747 973 2835 γνώμη
1005 2744 1041 2811 δὲ
1063 2741 1189 2810 πλείονι
1213 2745 1234 2833 ἢ

108 2853 190 2941 τύχη
215 2851 272 2917 καὶ
294 2854 395 2943 τόλμη
418 2852 540 2938 μείζονι
557 2857 577 2944 ἢ
593 2855 736 2939 δυνάμει.
768 2851 966 2919 114εικαὶ
990 2840 1037 2917 δι’
1064 2847 1233 2931 ἐλαχίστου

108 2968 232 3044 καιροῦ
264 2959 359 3047 τύχης
392 2963 461 3044 δίμα
495 2960 583 3051 ἀκμῇ
619 2975 677 3050 της
712 2960 808 3048 δόξης
840 2959 965 3043 μᾶλλον
999 2957 1019 3045 ἢ
1052 2967 1111 3022 τοῦ
1143 2955 1235 3034 δέους

109 3065 360 3154 ἀπηλλάγησαν.
409 3069 464 3134 Ill.
495 3078 557 3136 451
586 3071 644 3157 τὴν
672 3065 828 3153 εὐπορίαν
857 3079 915 3154 της
943 3065 1047 3152 τύχης.
1093 3064 1149 3128 ΙΙΙ.
1174 3071 1232 3129 971

108 3171 154 3262 τῇ
179 3173 258 3261 τύχη
282 3169 431 3251 ἐλπίσας.
470 3175 523 3238 IV.
548 3185 606 3242 641
629 3171 667 3262 ἧς
690 3173 746 3240 οάκ
769 3173 858 3259 ἀρχω
880 3172 983 3259 τύχης.
1015 3170 1052 3234 V.
1078 3179 1136 3236 75:
1159 3169 1245 3257 τύχη·

108 3278 173 3363 μὲν
205 3279 249 3356 ὡς
280 3277 412 3346 ἐδόκουν
439 3280 661 3364 κακιζόμενοι,
691 3282 799 3368 γνώμη
829 3277 865 3345 δέ
894 3274 924 3344 oi
949 3273 1042 3342 αὐτοὶ
1065 3271 1114 3341 ἐτι
1137 3271 1234 3352 ὄντες.

109 3387 150 3452 V.
185 3394 265 3452 1041
294 3387 439 3468 χαλεπὸν
466 3386 525 3470 μὲν
556 3386 615 3453 καὶ
644 3388 751 3476 ἡμεῖς,
783 3383 817 3452 εὖ
845 3381 930 3464 ἴστε,
960 3378 1130 3465 νομίζομεν
1151 3382 1236 3467 πρὸς

110 3488 252 3576 δύναμίν
274 3517 309 3558 τε
331 3495 389 3581 τὴν
411 3492 568 3583 ὑμετέραν
590 3492 648 3560 καί
672 3495 729 3582 την
752 3494 855 3580 τύχην,
878 3488 908 3556 εἰ
929 3491 974 3577 μη
997 3487 1066 3553 ἀπδ
1088 3497 1147 3553 τοῦ
1162 3484 1235 3553 ἴσον

111 3596 219 3679 ἐσται,
243 3596 476 3684 ἀγωνίζεσθαι·
500 3601 588 3685 ὅμως
610 3599 647 3666 δέ
669 3599 865 3681 πιστεύομεν
887 3594 930 3685 τῇ
951 3593 1011 3679 μὲν
1033 3594 1108 3682 τύχη
1128 3592 1164 3660 ἐκ
1179 3602 1237 3660 auti

111 3702 212 3772 θείου
234 3707 279 3795 μὴ
303 3705 562 3773 ἐλασσιύσεσθαι.
610 3708 647 3773 V.
674 3715 754 3772 112:
787 3704 870 3770 ἀλλὰ
900 3703 943 3791 τῇ
971 3700 1008 3767 δέ
1029 3698 1122 3786 μέχρι
1145 3699 1237 3765 τοῦδε

111 3812 264 3901 σῳζούση
286 3813 363 3904 τύχη
387 3812 423 3880 ἐκ
445 3825 503 3881 τοῦ
524 3811 620 3880 θείου
644 3806 859 3889 πιστεύοντες.
898 3810 966 3874 Vll,
994 3817 1051 3875 68:
1074 3807 1160 3895 πρὸς
1182 3802 1237 3871 οὖν

111 3915 258 3998 ἀταξίαν
290 3944 325 3986 τε
353 3921 505 4010 τοιαύτην
534 3919 591 3988 καὶ
620 3921 715 4008 τύχην
745 3918 868 4005 ἀνδρῶν
898 3912 1013 4003 ἑαυτὴν
1040 3912 1236 4000 παραδεδω-

112 4030 215 4094 κυῖαν
244 4027 502 4110 πολεμιωτάτων
532 4025 612 4117 όρχῇ
641 4023 878 4114 προςμίξωμεν.
924 4022 1094 4104 Xenophon
1117 4037 1236 4101 quoque

111 4130 218 4200 θείαν
239 4133 332 4223 τύχην
354 4137 573 4202 commemorat
595 4135 678 4200 Hist.
700 4132 755 4199 Gr.
777 4132 846 4197 Vll.
864 4141 899 4196 1:
924 4126 997 4212 ἐμοὶ
1016 4125 1053 4193 δὲ
1075 4123 1132 4192 καὶ
1148 4122 1238 4211 αὐτῷ

111 4241 210 4308 δοκεῖ
241 4250 343 4305 ταῦτα
374 4240 431 4307 criu
461 4238 654 4329 ἀνθρωπίνη
684 4239 809 4323 μᾶλλον
836 4238 857 4326 ἢ
885 4233 966 4323 θείᾳ
993 4234 1089 4322 φύσει
1118 4256 1153 4298 τε
1180 4228 1237 4296 καὶ

111 4352 194 4438 τύχη
219 4345 408 4435 διωρίσθαι.
456 4348 562 4433 Cyrop.
585 4348 654 4413 Vll.
680 4356 717 4412 2:
740 4355 835 4411 τοῦτο
859 4344 919 4429 χάρ
943 4343 963 4429 ἡ
985 4339 1062 4499 ηηίχη
1086 4336 1142 4404 καὶ
1158 4332 1238 4419 ἐχειν
