3084 4834
291 437 508 503 conscientiam
537 437 689 520 praebent.
744 438 858 504 Fabius
890 439 1061 518 Maximus,
1094 450 1152 507 17:
1187 438 1334 507 ἕπεσθαι
1368 440 1414 530 τῇ

291 545 377 632 τύχη.
423 544 577 611 Aemilius
599 545 730 623 Paulus,
761 555 820 611 12:
850 545 945 634 τύχην
973 545 1104 634 ἀγαθὴν
1133 545 1276 633 περὶτὰ
1299 546 1413 634 πρύχ-
1524 616 1525 647 ,

290 676 381 736 ματα
412 649 573 737 γενέσθαι.
621 651 687 732 Quo
713 652 747 717 in
775 652 875 736 capite
903 653 1036 736 legimns
1065 652 1265 719 Plutarchum
1295 673 1343 719 res
1372 674 1413 720 ex

290 759 491 825 exterioribus
514 761 636 824 tantum
659 759 757 824 causis
780 778 816 824 ac
837 760 997 843 praecipue
1020 762 1181 826 enaturae
1204 760 1325 826 casibus
1347 762 1412 827 for·
1524 756 1525 759 ’

290 866 382 933 luitis
404 865 570 947 pendentes
592 865 791 950 fortunaeque
819 866 996 931 tribuendas
1025 866 1201 933 distinxisse
1224 867 1261 931 ab
1285 867 1342 946 iis,
1370 867 1412 932 ad
1524 876 1525 879 ’

291 991 366 1055 quas
388 972 479 1056 tycho
507 971 630 1053 quidem
654 971 772 1054 aliquid
802 971 948 1049 valuerit,
978 974 1030 1037 sed
1060 991 1136 1056 quae
1160 973 1284 1039 omnino
1307 977 1413 1039 nosha

292 1079 426 1162 ipsorum
458 1079 574 1143 virtute
603 1098 638 1145 ae
667 1079 804 1145 moribus
832 1079 1041 1163 sapientiaque
1070 1079 1294 1146 contineantur.
1348 1082 1411 1147 Ubi

292 1186 420 1251 intimas
449 1204 484 1251 ac
513 1189 679 1268 postremas
709 1206 810 1259 rerum
841 1184 1035 1251 adversarum
1064 1205 1168 1252 causas
1202 1186 1412 1270 eognovimus,

295 1311 346 1357 eas
367 1293 562 1358 uehementer
594 1294 707 1358 reicere
730 1311 904 1375 possumus,
935 1312 1026 1376 quam
1049 1293 1223 1376 opinionem
1246 1294 1412 1378 Polybium

293 1416 410 1482 quoque
440 1399 581 1465 habuisse
610 1399 744 1466 Baurius
758 1400 785 1486 ¹)
816 1399 957 1465 ostendit.
1005 1399 1160 1465 Aemilius
1187 1400 1319 1478 Paulus,
1350 1410 1411 1466 24:

296 1503 490 1589 ὑπερβάλλει
522 1505 559 1572 δὲ
592 1506 741 1595 θειότητι
775 1505 908 1584 πάντως
937 1503 994 1571 καὶ
1023 1506 1099 1595 τύχη
1129 1507 1172 1571 τὰ
1201 1518 1259 1594 της
1289 1506 1409 1596 φήμης.

294 1610 361 1692 Quo
384 1613 450 1678 loco
479 1613 612 1702 θειότης
642 1633 710 1679 cum
742 1614 833 1698 tycho
862 1615 898 1678 ut
926 1612 1028 1678 simile
1050 1613 1168 1697 aliquid
1190 1632 1226 1678 ae
1248 1613 1410 1696 praecipue

293 1719 359 1802 pari
389 1720 498 1785 effectu
528 1722 697 1803 euentuque
724 1723 881 1803 praestans
908 1720 1119 1804 coniungitur;
1148 1739 1220 1784 nam
1243 1718 1339 1808 τύχης
1361 1724 1412 1784 at·

295 1845 354 1910 que
377 1824 577 1910 αὐτομάτου,
600 1827 697 1891 immo
719 1827 817 1909 ipsius
840 1825 889 1891 dei
912 1826 962 1892 vel
984 1826 1108 1891 deorum
1132 1826 1273 1891 notiones
1294 1846 1314 1891 a
1336 1826 1413 1892 Plu·

296 1934 403 1998 tarcho
433 1933 609 2015 saepissima
640 1934 759 2015 aequali
790 1952 825 1998 ae
858 1933 924 2016 pari
955 1952 1045 1998 sensu
1072 1932 1227 2015 praeditae
1260 1933 1412 1998 eiusdem-

295 2058 353 2124 que
376 2039 610 2123 significationis
632 2040 791 2118 obscurae,
814 2040 1037 2122 inexploratae,
1063 2038 1289 2122 inexplicabilis
1312 2043 1413 2123 potes-

296 2145 370 2211 tatis
399 2147 563 2229 participes
591 2147 792 2224 adhibentur,
821 2164 898 2230 quae
926 2146 1041 2211 liberae
1070 2146 1231 2211 hominum
1260 2147 1413 2212 voluntati

294 2252 419 2319 adversa
448 2252 486 2318 ad
515 2273 563 2325 res
596 2255 744 2319 humanas
776 2254 945 2337 plurimum
980 2253 1089 2318 valcat.
1144 2252 1321 2337 Pelopidas,
1353 2263 1412 2319 13:

297 2358 419 2446 πρᾶξιν
446 2364 686 2447 βραβευθεῖσαν
716 2357 836 2443 ὁμοίως
864 2360 931 2426 ὑπὸ
959 2372 1016 2447 τῆς
1045 2358 1148 2448 τύχης.
1202 2368 1262 2426 25:
1292 2360 1414 2440 πάντες

296 2465 516 2554 ὑπερηγάπων
538 2469 595 2555 τὴν
617 2466 731 2555 ἀρετὴν
753 2465 812 2532 καὶ
833 2467 891 2555 τὴν
913 2466 1007 2555 τύχην
1021 2464 1219 2548 ἐθαύμαζον.
1258 2466 1326 2548 Quo
1349 2468 1413 2532 loco

296 2571 372 2661 τύχη
387 2574 508 2654 praeter
522 2572 636 2662 ἀρετὴν
650 2576 687 2640 ut
701 2574 748 2638 vis
762 2573 914 2648 laudatur,
938 2591 997 2657 qua
1012 2573 1196 2637 instructum
1213 2576 1413 2658 ornatumque

296 2696 360 2743 esse
383 2698 536 2745 summum
560 2681 707 2745 meritum
730 2679 903 2746 habendum
932 2680 989 2762 sit3
1019 2698 1090 2744 nam
1119 2679 1273 2745 fortunam
1303 2680 1413 2746 bonam

296 2788 387 2869 atque
401 2786 593 2865 felicitatem,
610 2807 679 2852 oum
695 2787 853 2870 perpaucis
865 2786 1035 2869 obtingant,
1055 2784 1277 2850 difficillimum
1294 2787 1415 2852 videtur
1524 2782 1525 2811 ¹

297 2892 330 2957 in
360 2893 540 2959 seruitutem
575 2896 709 2959 nostram
744 2911 884 2959 asserere.
938 2894 978 2958 lli
1007 2910 1083 2974 quae
1113 2891 1156 2957 sit
1184 2911 1255 2957 vera
1284 2892 1418 2958 felicitas
1524 2942 1525 2977 χ

297 3002 389 3081 atque
412 3000 579 3079 beatitudo,
603 3000 639 3065 de
662 3001 720 3065 hac
734 3001 909 3085 quaestione
925 2999 1065 3064 homines
1087 2999 1283 3065 vehementer
1298 2999 1416 3065 dissen-

297 3107 398 3185 tinnt‚
434 3126 505 3171 curn
540 3109 574 3171 in
611 3107 720 3188 primis
749 3125 856 3171 norma
885 3106 1049 3190 regulaque
1078 3123 1153 3187 opus
1182 3105 1241 3182 sit,
1281 3123 1340 3188 qua
1369 3124 1418 3170 res

297 3213 464 3278 metiamur
494 3216 525 3280 et
554 3233 629 3298 quae
652 3233 808 3298 nmquam
832 3215 915 3278 certa
945 3211 1016 3277 data
1038 3211 1089 3277 sit.
1135 3213 1231 3277 Recte
1254 3209 1379 3276 Curtius
1390 3213 1418 3292 ²)

372 3410 398 3475 1)
416 3410 455 3463 De
474 3411 551 3479 tyehe
569 3410 596 3464 in
615 3410 778 3481 pragmatica
795 3409 897 3477 Polybii
914 3408 1025 3462 historia
1043 3407 1196 3477 disputatio.

372 3498 399 3563 2)
417 3498 552 3552 Altertum
571 3499 625 3552 und
645 3497 802 3568 Gegenwart
818 3497 841 3565 I,
860 3498 926 3552 303:
945 3496 1017 3564 „Die
1031 3496 1141 3549 meisten
1159 3495 1245 3549 haben
1262 3494 1356 3548 immor
1370 3494 1418 3548 das

298 3584 394 3640 Wesen
418 3587 463 3640 des
488 3585 585 3642 Gliioks
610 3588 683 3641 darin
711 3587 855 3657 gadundam
882 3585 940 3640 dass
964 3602 992 3639 es
1016 3588 1098 3639 etwas
1116 3584 1266 3638 aulearhalb
1285 3584 1351 3637 aller
1368 3583 1419 3636 Be-

298 3675 433 3744 rachnung
449 3676 591 3744 Liegendes
609 3677 663 3730 und
681 3693 730 3731 von
755 3677 802 3730 der
819 3675 973 3743 Thaugkeit
997 3674 1043 3728 des
1061 3673 1202 3727 Menschen
1220 3670 1351 3726 durohaus
1370 3689 1419 3725 nn·

298 3764 432 3833 abhdugig
456 3765 507 3832 sei3
533 3765 574 3819 die
596 3765 701 3820 Weisen
725 3766 771 3820 des
796 3764 946 3819 Altertume
971 3763 1056 3818 haben
1081 3780 1132 3816 uns
1156 3763 1220 3816 aber
1243 3761 1324 3815 schoa
1341 3760 1417 3825 einen

298 3853 397 3907 andern
421 3853 591 3924 Standpunlri
614 3855 715 3909 konnen
738 3854 850 3925 gelehrt.
887 3852 930 3907 sie
953 3853 1038 3907 haben
1058 3853 1183 3918 erkannt,
1206 3850 1264 3904 dass
1283 3850 1343 3917 das,
1362 3866 1416 3903 was

299 3943 351 3996 alle
368 3942 511 3997 Menschen
529 3943 628 4011 haben,
647 3944 714 3998 nach
732 3944 816 3998 ihram
840 3944 975 3997 innersten
999 3941 1172 3996 Naturtriebe
1195 3940 1347 4006 erstreben,
1370 3955 1417 3992 nn·
1524 3988 1525 3999 ,

299 4032 413 4100 moglieh
431 4034 512 4086 etwas
530 4032 683 4101 Derartigee
702 4034 758 4087 sein
776 4034 875 4098 kenne,
899 4048 953 4085 was
971 4031 1103 4085 einzelnen
1121 4029 1314 4097 Begiinstigten
1333 4027 1416 4081 durch
1524 4024 1525 4049 ¹

299 4120 383 4175 Zulall
408 4123 436 4175 in
461 4122 510 4176 den
536 4121 628 4176 Schola
652 4122 713 4176 lalle
735 4122 790 4176 und
814 4121 908 4174 ebenso
931 4120 1013 4174 leichi
1037 4120 1095 4173 dem
1118 4118 1236 4172 Besitaer
1260 4117 1355 4171 wieder
1373 4116 1417 4169 ab-

298 4208 403 4263 handen
420 4209 529 4269 kommc.
566 4211 602 4266 Es
621 4212 703 4266 lrdnne
722 4211 841 4266 desselbe
859 4209 984 4264 vielmahr
1002 4209 1090 4262 nichts
1109 4207 1218 4261 anderes
1236 4206 1300 4273 sein,
1320 4206 1359 4259 als
1373 4204 1415 4257 die

298 4298 523 4372 Verwirhliehnng
542 4301 651 4369 dassen,
670 4302 770 4354 woraul
786 4299 828 4354 die
845 4299 1019 4352 menschliche
1037 4296 1125 4350 Natur
1149 4295 1285 4364 angelegt,
1310 4294 1352 4348 dia
1369 4292 1415 4347 Er·
