3084 4834
145 448 333 532 singillatim
357 447 571 514 deseribuntur
593 452 684 533 atque
708 449 857 533 exemplis
879 451 1081 517 ostenduntur
1101 451 1267 519 Plutarcho

145 556 242 621 etiam
265 557 355 639 atque
379 553 473 619 etiam
497 555 681 621 sententiam
711 558 923 638 expromente:
950 556 1024 622 Non
1048 557 1184 636 fortuna,
1214 558 1266 624 sed

144 681 201 728 sua
222 660 320 743 ipsius
342 659 442 747 virtus
464 659 671 726 Alexandrum
695 661 733 726 ad
763 663 882 727 tantam
905 662 1122 729 auctoritatem
1145 667 1177 729 et
1198 666 1266 749 glo·

144 768 223 832 riam
248 766 384 832 sustulit.

213 873 348 957 Scriptor
371 872 471 955 igitur
493 892 582 938 omne
604 873 764 957 ingenium
795 874 833 939 ad
857 873 1023 939 Alexandri
1046 876 1176 959 gloriam
1198 877 1266 942 lau·
1371 947 1374 951 ,

145 983 277 1062 demque
300 979 511 1043 celebrandam
534 979 673 1045 fortunae
701 979 858 1062 impendio
887 980 1029 1047 contulit.
1075 981 1140 1047 Nos
1162 986 1266 1048 antem

145 1104 206 1151 non
229 1088 295 1151 tam
318 1086 478 1167 perspicua
499 1090 591 1169 atque
614 1086 811 1168 imperatoria
834 1086 1000 1151 Alexandri
1024 1086 1160 1171 dignitas
1180 1091 1267 1155 tenet

145 1212 244 1277 neque
267 1191 364 1268 illud,
394 1192 549 1257 fortunam
576 1191 693 1276 aliquid
722 1191 760 1257 ad
791 1193 858 1257 eius
888 1192 968 1258 facta
997 1192 1129 1266 valuisse
1152 1195 1267 1279 negari,

145 1298 422 1381 quampraecipue
451 1298 631 1380 gradssima
653 1298 709 1364 illa
737 1317 800 1377 res,
830 1298 956 1364 omnino
977 1299 1088 1382 tychen
1117 1301 1213 1384 recipi
1236 1303 1269 1367 et

147 1404 235 1488 quasi
258 1403 379 1479 sanciri,
403 1422 480 1485 qnae
502 1403 535 1469 in
553 1403 602 1468 his
624 1403 813 1469 orationibus
828 1403 1085 1488 significationem
1107 1406 1269 1487 potcstatis

147 1509 292 1576 salutaris
315 1529 351 1575 ac
374 1509 524 1592 propitiae
548 1510 649 1575 habet
688 1509 754 1575 Iam
779 1509 835 1575 illa
855 1509 1085 1593 simplicissima
1107 1529 1142 1576 ac
1164 1531 1268 1594 super·

149 1634 281 1683 vacenea
292 1615 453 1681 Plutarchi
466 1634 564 1698 opera,
577 1635 636 1699 qua
645 1615 812 1681 Alexandri
823 1616 953 1699 gloriam
967 1617 1015 1682 vel
1028 1616 1151 1683 minimi
1164 1618 1269 1701 tyches

147 1722 290 1807 ponderis
310 1723 463 1804 expertem
482 1721 538 1786 neo
559 1738 631 1786 vero
653 1720 805 1787 minorem
830 1741 894 1787 esse
910 1722 1117 1788 demonstrare
1132 1727 1268 1802 conatur,

148 1828 239 1894 nobis
250 1829 437 1910 comprobat,
449 1847 540 1911 quam
553 1827 582 1892 ei
593 1827 756 1893 manifesta
771 1827 867 1893 fuerit
885 1830 991 1912 tyohes
1005 1829 1180 1908 auctoritas,
1192 1848 1269 1913 quae

147 1937 295 2019 quantam
313 1935 377 1998 rim
393 1934 429 1999 ad
447 1934 608 1999 hominum
623 1952 659 1999 ac
673 1934 813 2018 gentium
830 1952 879 1999 res
894 1938 995 2017 gestas
1010 1935 1153 2001 habuerit
1170 1937 1203 2000 in
1219 1934 1269 2001 his

147 2041 225 2125 ipsis
249 2040 438 2106 orationibus
454 2040 562 2106 multis
577 2039 725 2123 exemplis
741 2041 965 2122 comprobatur.
998 2042 1163 2106 Plutarcho
1178 2043 1269 2126 tycho

147 2148 196 2213 vis
219 2148 308 2211 modo
331 2146 461 2212 secunda
484 2149 516 2212 et
538 2146 691 2222 salutaris,
711 2145 801 2211 modo
820 2146 945 2213 adversa
963 2150 995 2212 et
1012 2146 1182 2229 impediens
1204 2166 1269 2213 esse

147 2253 287 2330 uidetur,
318 2253 407 2317 euius
429 2271 533 2318 cauma
555 2253 732 2335 ignoremus
754 2254 786 2317 et
808 2271 899 2336 quam
923 2257 1024 2318 nostra
1048 2252 1182 2336 ipsorum
1206 2254 1269 2319 vir·

149 2361 218 2424 tute
241 2358 422 2441 promereri,
445 2357 497 2422 sed
520 2357 614 2423 etiam
639 2362 741 2424 nostro
765 2360 887 2424 tantum
910 2359 1038 2424 oonsilio
1061 2360 1215 2443 sapienter
1237 2363 1269 2425 et

147 2465 187 2530 ad
210 2468 349 2530 nostrum
372 2483 463 2528 usum
485 2464 711 2530 accommodate
734 2465 783 2530 uti
806 2465 965 2547 possimus.
1011 2465 1092 2530 Nam
1115 2485 1175 2531 non
1198 2485 1269 2532 oum

149 2571 290 2636 fortunae
313 2572 392 2636 bona
415 2571 611 2653 accipiamus,
634 2570 687 2636 sed
709 2590 780 2636 eum
804 2571 957 2653 sapienter
978 2572 1191 2649 adhibeamus,
1216 2591 1269 2638 nos

148 2676 190 2742 iis
205 2677 315 2760 dignos
338 2695 402 2742 esse
418 2677 615 2743 ostendimus.
654 2676 713 2742 Sed
728 2676 901 2742 Alexander
916 2677 1012 2743 etiam
1035 2679 1125 2763 tycho
1147 2679 1269 2744 favente

147 2802 280 2866 magnus
308 2786 340 2849 εὴ
368 2784 541 2867 praeclarus
570 2784 741 2862 videretur,
772 2803 843 2848 cum
873 2802 908 2849 ea
936 2786 1001 2849 tam
1025 2784 1175 2866 sapienter
1197 2802 1270 2849 usus

149 2909 277 2973 eamque
299 2890 332 2954 in
356 2891 466 2972 primis
492 2890 642 2972 sapientia
669 2909 725 2955 sua
753 2893 786 2955 et
812 2889 914 2955 laboro
942 2889 1063 2955 assiduo
1085 2889 1270 2973 promeritus

147 2997 238 3060 esset.
271 2996 307 3059 In
331 2996 381 3060 his
403 2996 501 3079 igitur
523 2993 714 3061 orationibus
730 2995 821 3079 tycho
837 3014 935 3080 neque
958 2999 995 3063 ut
1016 2995 1050 3060 in
1073 2996 1180 3061 libello
1204 2995 1269 3073 „de

147 3102 297 3167 fortuna“
329 3102 389 3167 fors
419 3121 563 3186 casusque
592 3120 698 3167 caeam
727 3120 825 3186 neque
855 3101 946 3167 utin
970 3101 1182 3167 dissertatione
1205 3101 1269 3179 „de

147 3211 358 3274 Romanorum
383 3209 532 3274 fortuna“
555 3208 696 3274 divinum
718 3207 869 3292 quoddam
887 3226 1001 3272 numen
1025 3211 1057 3274 et
1079 3206 1270 3291 providentia

150 3315 256 3381 omnia
278 3333 333 3380 suo
356 3314 484 3380 oonsilio
499 3332 629 3397 regnans
644 3333 708 3379 esse
724 3313 855 3392 uidetur,
879 3314 930 3379 sed
946 3313 1023 3378 duae
1045 3313 1151 3397 tyches
1173 3312 1270 3396 signi·

150 3420 308 3487 libationes
331 3423 368 3486 ut
390 3421 528 3486 numinis
545 3424 600 3486 aut
616 3420 758 3486 salutaris
777 3422 832 3485 aut
849 3418 949 3502 iniqui
968 3419 1124 3484 seiunctae
1147 3421 1220 3483 sunt
1234 3437 1270 3484 ae

150 3527 256 3611 tyohes
276 3526 361 3591 notio
381 3526 542 3610 praecipue
559 3525 597 3591 ad
616 3525 686 3590 finis
705 3528 760 3591 aut
778 3524 902 3590 secundi
921 3525 1104 3590 autadrersi
1117 3525 1269 3590 rationem

150 3632 302 3714 exquisita
314 3635 346 3698 et
359 3634 514 3716 explorata
525 3636 582 3711 cst,
594 3652 685 3717 quam
697 3632 847 3698 rationem
856 3631 950 3696 etiam
961 3630 1125 3714 permultis
1135 3631 1269 3696 vitarum

151 3737 226 3803 loeis
248 3737 305 3804 sub
328 3738 465 3821 capitum
489 3757 616 3804 numero
638 3737 747 3822 quinto
770 3740 803 3802 et
824 3738 909 3802 sexto
931 3737 1034 3802 allatis
1057 3738 1234 3820 reperimus.

216 3843 320 3909 Simili
343 3844 432 3910 modo
448 3844 634 3910 Plutarchus
655 3845 810 3909 fortunam
833 3843 927 3908 etiam
951 3843 983 3908 in
1006 3843 1124 3921 libello,
1147 3842 1197 3907 oui
1220 3842 1270 3907 in·

148 3949 309 4016 scribitur:
339 3952 403 4030 „de
426 3971 458 4016 se
481 3951 583 4033 ipsum
607 3951 685 4016 citra
707 3949 857 4016 invidiam
880 3948 1030 4015 laudando
1038 3955 1066 4027 ⁶⁶,
1089 3949 1192 4026 affert,
1215 3948 1270 4014 ubi

147 4056 226 4139 (oa‘p.
253 4057 295 4122 11'
320 4060 352 4122 et
377 4062 432 4143 12)
455 4058 543 4123 uobis
565 4059 688 4135 suadet,
718 4059 754 4122 ut
783 4055 896 4121 bonum
924 4058 1095 4121 nostrorum
1118 4054 1269 4120 faetomm

148 4166 294 4228 euentum
310 4162 447 4229 inuidiae
463 4163 622 4230 evitamlae
638 4181 729 4228 causa
744 4162 793 4228 vel
808 4161 948 4227 fortunae
962 4161 1011 4226 uel
1028 4160 1083 4226 deo
1098 4159 1270 4225 tribuamus

147 4270 180 4333 et
203 4268 402 4352 assignemus.
442 4268 549 4335 Gloria
564 4288 676 4353 magna
692 4287 838 4352 magnum
856 4286 931 4332 onus
947 4269 1002 4344 est,
1026 4285 1097 4331 cum
1119 4265 1269 4331 inuidiam
