3084 4834
748 364 909 372 m......nunu-...unam

271 470 305 535 in
337 472 470 534 nostram
501 468 679 534 servitutem
707 468 879 533 asserimus.
932 466 1012 531 Nam
1041 484 1101 530 non
1136 466 1269 549 corporis
1299 467 1389 532 robur
1503 472 1504 513 l

271 575 410 659 viresque
440 575 652 652 dominantur,
683 573 735 638 sed
763 574 930 656 sapientia,
960 591 1037 656 quae
1066 572 1196 637 minima
1226 576 1273 638 est
1300 573 1387 640 fortis
1503 628 1504 631 ,

268 682 417 748 fortunae.
463 683 512 748 Ita
535 680 614 746 nihil
637 682 760 746 fortuna
783 680 835 757 ht,
864 679 917 745 sed
947 679 1050 744 omnia
1072 678 1200 743 consilio
1222 679 1387 761 sapientia-

269 807 329 871 que
351 787 559 871 perficiuntur.
604 785 749 852 Artifices
776 804 894 870 quoque
925 788 957 850 et
984 785 1106 867 opifices
1136 784 1239 849 omnia
1263 785 1388 851 consilio

267 895 432 976 perficiunt
460 893 599 975 nihilque
633 892 711 958 forte
742 891 787 958 fit.
838 892 942 957 Unum
978 890 1077 957 solum
1111 910 1215 956 casum
1247 893 1388 975 cognorit

270 1000 463 1076 Plutarchus,
488 1000 542 1065 ubi
565 998 626 1064 fors
641 997 758 1083 aliquid
775 998 906 1063 valuisse
922 997 1052 1062 videtur.
1092 996 1173 1061 Nam
1198 1016 1268 1062 cum
1292 999 1389 1080 pictor

269 1105 381 1189 aliquis
410 1109 603 1188 spumantem
634 1124 747 1187 equum
781 1104 938 1187 pingeret,
968 1103 1071 1167 omnia
1100 1103 1178 1168 beno
1200 1103 1388 1182 accidebant,

269 1231 379 1296 spuma
401 1231 470 1277 vero
493 1210 724 1295 haudquaquam
747 1228 888 1292 prospere
911 1210 1026 1291 coeptis
1056 1208 1251 1283 succedebat,
1281 1209 1328 1274 ita
1354 1214 1389 1276 ut

270 1318 370 1401 pictor
393 1318 490 1383 iratus
511 1321 662 1401 postremo
686 1316 845 1399 spongiam
868 1316 991 1381 tabulae
1014 1315 1182 1399 affligeret:
1213 1315 1292 1381 forte
1321 1320 1388 1382 tum

270 1442 379 1506 spuma
407 1422 569 1488 simillima
602 1423 636 1487 in
670 1424 833 1504 conspectu
867 1422 938 1486 data
971 1423 1026 1486 est
1083 1420 1172 1501 Quod
1206 1421 1389 1488 Plutarchus

270 1529 369 1595 solum
393 1529 482 1594 fortis
504 1548 568 1593 essa
590 1528 750 1594 aestimat:
779 1536 875 1593 τοῦτο
898 1522 1038 1608 ἓίιτεχνον
1060 1526 1157 1614 τύχης
1177 1527 1276 1610 μόνον
1299 1524 1390 1616 ἔργον
1503 1608 1504 1621 ¹

272 1630 460 1721 ἱστορεῖται.
499 1633 617 1699 Musica
632 1635 809 1715 ceteraeque
824 1635 905 1698 artes
928 1635 1019 1716 atque
1035 1633 1175 1698 ciborum
1198 1635 1389 1720 vestiumque
1503 1640 1504 1649 ’

271 1743 433 1824 apparatus
456 1739 623 1806 secundum
648 1741 775 1805 naturae
803 1738 888 1821 leges
917 1739 995 1805 hunt
1025 1759 1081 1804 nec
1109 1739 1241 1822 pendent
1265 1761 1282 1806 e
1304 1742 1389 1808 forta

272 1846 406 1912 Consilio
435 1847 612 1928 rationeque
641 1849 745 1911 nostra
773 1864 878 1910 snmus
908 1844 949 1924 ii,
979 1847 1032 1929 qui
1062 1846 1166 1911 omnia
1195 1847 1228 1912 in
1257 1851 1389 1914 nostram
1503 1914 1504 1939 ᾖ

271 1952 451 2019 servitutem
475 1972 643 2018 asseramus
665 1954 697 2016 et
719 1952 752 2015 in
775 1951 878 2016 omnia
901 1950 1101 2017 dominemur.
1147 1952 1182 2018 Si
1211 1973 1281 2018 vero
1305 1955 1391 2020 nobis

271 2058 388 2143 aliquid
410 2059 534 2124 fortuna
548 2057 701 2140 praebeat,
724 2057 825 2123 dicam
840 2058 996 2135 honorem,
1020 2056 1154 2136 divitias,
1178 2058 1390 2140 valitudinem,

272 2165 420 2243 roborem,
444 2163 724 2247 pulchritudinem,
751 2165 856 2228 tamen
880 2164 924 2228 eis
946 2163 1099 2246 sapienter
1121 2165 1170 2229 uti
1193 2164 1390 2249 fortunaeque
1503 2206 1504 2247 ,

272 2269 350 2335 dona
373 2270 461 2336 nobis
476 2270 643 2335 utilissima
665 2269 765 2335 facere
781 2269 897 2334 ratione
922 2272 1043 2335 tantum
1060 2270 1163 2334 nostra
1186 2271 1218 2335 et
1241 2273 1391 2355 sapientia

273 2375 387 2442 scimus
427 2396 462 2442 ac
495 2395 663 2459 possumus.
723 2375 843 2440 libello
883 2378 1012 2440 exeunte
1045 2376 1232 2441 Plutarchus
1266 2377 1374 2442 virtut'
1503 2424 1504 2435 ,

273 2482 424 2546 hnmanae
458 2483 643 2548 conscientia
677 2481 777 2546 elatus
809 2481 977 2546 assentitur
1012 2482 1195 2547 Prometheo
1232 2482 1390 2560 Hesiodeo,
1503 2498 1504 2515 ¹

272 2607 344 2653 cum
366 2608 421 2654 nos
443 2589 636 2666 adhortetur,
667 2607 704 2652 ne
728 2588 794 2653 ulla
816 2606 834 2651 a
856 2587 933 2653 Jove
956 2586 1034 2652 dona
1057 2587 1254 2670 accipiamus,
1279 2587 1332 2652 sed
1354 2586 1391 2651 ad
1447 2578 1450 2588 ’

271 2699 411 2760 nostrum
442 2694 605 2760 arbitrium
641 2713 768 2778 agamus
803 2696 964 2778 nostroque
998 2694 1126 2758 consilio
1163 2696 1195 2758 et
1229 2694 1391 2777 sapientia,

272 2821 349 2886 quae
383 2801 526 2885 perficere
558 2800 724 2883 possimus,
759 2800 854 2865 etiam
888 2818 922 2863 re
950 2799 1016 2864 sine
1051 2799 1114 2865 ullo
1144 2799 1259 2865 auxilio
1290 2802 1391 2865 nostra
1503 2862 1504 2879 ,

274 2911 382 2991 sponte
405 2907 605 2992 perficiamus.

341 3017 378 3080 In
402 3014 512 3098 primis
534 3013 736 3079 Plutarchum
759 3013 792 3078 in
816 3013 873 3078 hac
901 3011 1180 3095 disputatiuncula,
1203 3010 1230 3077 si
1254 3014 1391 3078 fortunae

275 3123 429 3187 notionem
460 3120 602 3198 adhibet,
632 3119 742 3184 fortem
767 3122 889 3184 tantum
912 3138 1076 3201 casumque
1105 3119 1273 3201 respicere,
1302 3137 1390 3202 quem

273 3229 322 3294 vel
339 3228 503 3293 minimum
519 3227 619 3292 valere
642 3224 680 3290 ad
696 3245 744 3290 res
759 3226 908 3290 humanas
923 3226 1024 3308 negat,
1047 3224 1271 3307 intellegimus.
1309 3224 1392 3305 Quae

276 3334 401 3399 omnino
423 3332 618 3399 consentiunt
641 3350 711 3396 cum
728 3349 762 3395 eo
778 3330 844 3395 loco
860 3330 1034 3413 (Sertorius,
1052 3331 1116 3414 10),
1139 3330 1194 3394 ubi
1209 3329 1394 3395 Plutarchus

274 3440 312 3506 ad
335 3441 483 3505 virtatem
507 3457 663 3521 moresque
687 3436 812 3502 minimi
833 3435 975 3518 ponderis
998 3455 1062 3500 esse
1085 3435 1196 3500 fortem
1223 3454 1321 3519 neque
1344 3453 1393 3499 eos

274 3546 306 3610 in
331 3546 516 3611 contrarium
539 3548 660 3610 mutare
683 3562 769 3626 posse
793 3542 964 3608 constituit.
1010 3542 1212 3607 Plutarchum
1239 3560 1392 3606 veronen

274 3654 354 3718 stare
376 3652 440 3716 suis
461 3650 586 3715 iudiciis
607 3669 664 3714 nec
686 3649 747 3714 sibi
770 3667 835 3714 esso
857 3650 1109 3725 consentaneum,
1139 3667 1175 3712 er
1198 3647 1338 3729 exemplo
1360 3648 1393 3712 in

273 3757 363 3823 fortis
377 3776 521 3840 casusque
536 3755 668 3840 gratiam
684 3756 779 3821 allato
799 3756 877 3838 (cap.
894 3758 928 3832 4)
944 3756 1078 3837 apparet,
1101 3754 1181 3837 quod
1204 3754 1233 3818 ei
1248 3754 1394 3819 subtilius

272 3863 479 3946 perscrutanti
508 3862 548 3927 ad
577 3865 703 3926 naturae
733 3880 838 3927 causas
871 3862 1012 3945 legesque
1041 3860 1184 3925 reducere
1207 3859 1392 3924 facillimum

274 3968 393 4034 fuisset.
439 3968 523 4049 Quae
550 3968 756 4033 inconstantia
785 3986 820 4032 eo
847 3968 913 4032 loco
942 3966 1087 4051 (Brutus,
1111 3966 1184 4049 47),
1215 3965 1271 4031 ubi
1299 3983 1392 4049 aequo
1503 3954 1504 3965 ’

274 4075 364 4140 modo
387 4075 497 4140 fortem
513 4074 630 4158 aliquid
654 4074 754 4139 valere
769 4074 955 4149 conceditur,
979 4072 1158 4149 affirmatur,
1182 4073 1228 4137 ita
1249 4075 1295 4150 ut,
1318 4089 1392 4155 quae
1503 4098 1504 4107 ¹

275 4181 371 4247 sensit
386 4181 570 4247 Plutarchus
586 4180 623 4245 de
638 4180 760 4245 fortuna
774 4181 812 4245 ut
827 4178 858 4244 vi
873 4180 1010 4256 fortuita,
1034 4179 1159 4244 obscura
1174 4178 1273 4243 adhuc
1296 4195 1392 4259 neque

274 4287 426 4371 explicata
445 4288 637 4370 perfectaque
648 4286 818 4352 videantur.
849 4284 932 4365 Quae
944 4285 999 4350 ille
1016 4286 1080 4351 acri
1097 4284 1265 4350 certamine
1281 4283 1393 4367 profert
