3084 4834
141 485 319 561 ulciscatur,
343 483 394 548 sed
418 484 514 549 etiam
537 503 642 549 omues
664 486 817 568 graviores
840 504 888 550 res
910 505 1054 568 casusque
1072 489 1108 552 ut
1122 491 1262 572 βραβευ-

139 590 426 679 rrjgcertaminum
450 592 648 674 rogabatque
672 591 840 656 constituat
862 592 890 673 (I
925 594 990 675 58).

209 697 267 763 Sed
286 696 434 778 Polybius
456 697 578 760 etiamsi
601 716 705 761 casum
728 716 853 762 caecum
875 698 1054 781 plerumque
1077 697 1263 782 αὐτόματον

139 805 289 878 nominat,
306 807 407 867 tamen
423 801 578 867 fortunam
594 822 712 887 quoque
734 804 825 869 fortis
840 823 984 887 casusque
1006 805 1088 869 caeci
1106 805 1264 888 significa·

142 911 227 976 tione
250 909 383 976 adhibet.
431 910 563 974 XXXII.
590 919 647 975 16:
675 907 697 973 d
719 910 770 975 δεῖ
791 910 875 992 μόνα
898 911 1100 994 apogaeum
1121 909 1161 998 τῇ
1184 912 1260 1000 τίχη

140 1017 200 1082 καὶ
228 1015 431 1102 ταύτομάτῳ.
477 1016 603 1098 Saepius
631 1016 870 1082 inconstantiam
901 1018 1201 1101 mutabilitatemque
1230 1018 1260 1082 ei

141 1124 314 1187 inhonestis
328 1122 476 1204 parcenti,
500 1124 608 1203 probos
623 1123 746 1207 urgenti
763 1124 930 1205 exprobrat.
947 1125 998 1188 Vl.
1017 1135 1053 1188 1:
1076 1124 1264 1209 μεταβολὰς

141 1242 201 1317 τῆς
223 1230 317 1317 τίχης
340 1225 524 1316 ὑποφέρειν.
570 1229 610 1293 Il.
635 1240 669 1294 4:
699 1241 755 1317 τῆς
778 1231 873 1316 τύχης
894 1232 1006 1316 ὥσπερ
1029 1227 1181 1319 ἐπίτηδες
1203 1230 1261 1297 καὶ

142 1340 215 1413 τοῖς
250 1335 363 1412 ἄλλοις
400 1335 593 1419 ἀνθρώποις
627 1329 864 1423 ἐνδεικνυμένης
897 1336 955 1423 τὴν
982 1337 1081 1425 αὐτῆς
1115 1337 1262 1420 δύναμιν.

142 1444 183 1510 ΙΙ.
210 1451 267 1508 70:
291 1442 393 1518 οὕτως
416 1438 467 1506 ἀεί
489 1429 578 1507 ποθ’
604 1443 623 1528 ἦ
645 1441 723 1529 τύχη
745 1444 788 1506 τὰ
809 1440 948 1526 μέγιστα
970 1455 1036 1506 τῶν
1058 1443 1263 1529 πραγμάτων

143 1548 239 1637 παρὰ
261 1549 357 1633 λόγον
379 1543 481 1614 εἴωθε
503 1544 631 1633 κρίνειν.
679 1549 717 1612 ΙΙ.
744 1556 802 1614 50:
825 1545 1003 1632 ἀντιβαίνει
1020 1550 1062 1614 τὰ
1084 1561 1141 1637 τῆς
1156 1550 1262 1638 τύχης.

142 1656 196 1723 Sic
217 1656 296 1738 apud
320 1655 483 1739 Polybium
507 1656 630 1719 fortuna
651 1672 711 1718 nou
735 1656 835 1720 solum
865 1658 901 1721 ut
928 1656 1011 1721 iusta
1039 1659 1070 1720 et
1092 1656 1195 1721 omnia
1222 1659 1261 1721 ad

142 1763 329 1828 destinatum
360 1761 452 1825 finem
476 1761 643 1836 adducens,
673 1761 726 1825 sed
755 1763 850 1827 etiam
881 1764 917 1827 ut
939 1763 1113 1827 inconstans
1134 1782 1170 1828 ao
1192 1783 1260 1828 rer·

141 1868 251 1933 sabilis
278 1870 411 1950 potestas
442 1867 530 1932 nobis
557 1867 690 1932 offertur.
737 1867 833 1933 Cuius
860 1869 1005 1950 ancipitis
1027 1868 1262 1951 significationis

141 1978 204 2040 iarn
237 1975 378 2040 omnibus
407 1975 439 2038 in
470 1974 560 2038 libris
588 1974 762 2056 apparentis
791 1994 827 2039 ac
861 1975 1021 2057 praecipue
1057 1975 1094 2038 ad
1128 1975 1261 2041 Romani

141 2080 266 2162 imperii
289 2081 451 2161 scriptores
477 2080 645 2162 plurimum
676 2080 808 2144 valentis
839 2081 949 2145 merito
979 2080 1126 2164 Polybius
1154 2086 1264 2146 auctor

140 2187 298 2252 habendus
321 2190 375 2253 est.

210 2294 275 2358 Iam
299 2292 512 2377 aggredientes
533 2291 571 2356 ad
595 2290 810 2356 illustrandam
833 2293 972 2358 fortunae
999 2292 1154 2357 notionem
1179 2294 1260 2375 apud

141 2402 318 2484 praecipuos
333 2399 508 2482 posterioris
523 2400 668 2481 temporis
683 2399 855 2480 scriptores,
880 2400 1057 2475 Diodorum,
1077 2400 1260 2483 Dionysium

140 2507 450 2579 Halicarnassensem,
474 2505 666 2580 Sallustium,
690 2506 824 2582 Livium,
848 2506 983 2582 Illorum,
1006 2506 1176 2581 Justinum,
1200 2507 1259 2570 Ta·

140 2613 240 2678 citum
274 2614 500 2688 occurrentem,
536 2614 572 2676 ut
601 2614 750 2695 quantum
787 2610 919 2676 valuerit
951 2630 985 2675 ea
1014 2611 1051 2676 ad
1081 2612 1259 2676 historicam

139 2719 291 2784 rationem
316 2717 518 2794 ostendamus,
541 2737 605 2782 reru
629 2719 733 2800 paucis
755 2719 857 2783 verbis
879 2717 1080 2783 absolvamus.

209 2824 367 2901 Diodorus,
390 2823 445 2906 qui
462 2824 625 2907 Polybium
649 2844 719 2889 cum
742 2824 813 2888 aliis
836 2823 868 2887 iu
884 2823 976 2888 rebus
990 2826 1057 2888 tum
1074 2822 1108 2886 in
1123 2821 1261 2904 ancipite

139 2931 281 2996 fortunae
297 2932 334 2993 ut
349 2930 429 2994 caeci
444 2948 529 2995 casus
543 2932 598 2995 aut
613 2931 711 2995 iustae
727 2929 936 3012 providentiae
948 2930 1073 2994 notione
1088 2927 1263 2993 adbibenda

139 3037 283 3102 imitatus
306 3036 501 3101 exsortibus
531 3036 595 3101 suis
617 3055 677 3102 non
704 3036 804 3101 solum
833 3036 995 3100 materiam
1018 3053 1126 3118 resque
1148 3038 1259 3116 gestau

139 3142 193 3208 sed
224 3142 319 3206 etiarn
349 3142 517 3208 sententias
545 3146 577 3207 et
606 3142 762 3225 opiniones
790 3142 941 3224 sumpsit,
975 3142 1019 3206 ita
1052 3144 1089 3205 ut
1119 3139 1261 3205 fortunae

138 3248 226 3313 notio
256 3246 346 3312 modo
376 3248 434 3311 hac
464 3248 553 3312 modo
582 3248 637 3313 illa
659 3247 883 3331 significatione
909 3250 1067 3330 appareat,
1097 3246 1261 3329 praecipue

138 3355 174 3420 in
204 3355 295 3419 rebus
325 3352 541 3418 diadochorum
577 3354 753 3419 enarrandis
786 3354 871 3420 varia
903 3353 1018 3418 iudicia
1046 3354 1150 3430 affert,
1181 3373 1261 3436 quae

139 3479 177 3526 cx
212 3460 306 3526 uariis
333 3463 493 3524 auctorum
528 3479 651 3525 suorum
681 3460 859 3538 sententiis,
895 3460 1076 3543 Hieronymi
1105 3459 1258 3538 Gordiani,

138 3566 255 3651 Diylli,
279 3564 404 3631 Duridis
426 3564 538 3644 Samii,
566 3566 696 3649 pendere
719 3566 860 3649 Ungerus
881 3565 1016 3631 ostendit
1029 3568 1062 3650 ¹).
1108 3565 1262 3631 Diodorus

211 3795 238 3865 1)
263 3796 375 3850 Diodors
400 3793 510 3860 Quollen
534 3795 562 3848 in
587 3794 634 3848 dor
656 3766 966 3864 iliadochengcschichta.
1007 3795 1186 3863 Sitzungsbor.
1211 3795 1262 3848 dar

137 3884 337 3956 philos-philol.
351 3883 394 3938 Kl
414 3885 439 3938 d.
458 3884 484 3938 lr.
503 3885 575 3952 bayr.
598 3884 682 3938 Anao.
708 3884 732 3938 d.
751 3884 833 3938 Wiss.
852 3885 922 3940 1878
943 3883 973 3952 Ι,
997 3885 1050 3939 431
1059 3901 1115 3954 sqq.
1151 3882 1258 3937 Rheini-

137 3974 214 4029 schcs
237 3973 359 4027 Muscum
382 3973 505 4027 XXXIV.
532 3973 630 4043 104sq.
681 3972 718 4029 Ol.
741 3972 771 4028 Ε.
795 3973 938 4039 Bachol,
972 3972 1136 4027 llaoleisens
1164 3971 1258 4026 Jahrb.

137 4063 221 4129 1879,
240 4080 265 4132 p.
285 4063 335 4118 161
345 4079 402 4132 sqq.
439 4061 622 4130 Roosigcr,
645 4062 685 4116 De
703 4062 804 4116 Duride
822 4062 908 4116 Samio
925 4062 1034 4116 Diodori
1052 4060 1132 4114 Siculi
1151 4063 1179 4113 ot
1196 4059 1257 4112 Plu·

137 4151 226 4205 tarchi
248 4154 363 4205 auctore.
406 4150 477 4204 Dias.
502 4151 591 4219 inaug.
635 4149 780 4219 Gdttingcn
813 4152 891 4206 1874.
931 4150 1063 4216 Haalrc,
1090 4149 1130 4202 Dc
1156 4147 1260 4202 Duride

136 4239 224 4294 Samio
241 4238 350 4294 Diodori
373 4239 453 4294 fonto.
489 4239 561 4294 Dias.
586 4239 673 4308 inaug.
709 4239 884 4294 Bonu1874.
919 4238 1068 4305 Rblsler,
1092 4237 1132 4291 De
1155 4235 1258 4290 Durido

135 4327 253 4396 Diodori,
271 4327 430 4397 Hieronymo
447 4328 557 4382 Duridis
576 4330 689 4383 auctora.
726 4327 797 4382 Dios.
816 4328 904 4396 inaug.
942 4325 1086 4394 Gottingen
1106 4326 1183 4381 1876.
