3084 4834
255 433 413 516 perspicue
444 431 625 498 ostenditur.
679 431 715 496 de
744 432 834 498 Alex.
869 431 939 497 fort.
974 432 998 496 Ι.
1037 441 1093 496 11:
1129 427 1374 514 αὐτοματισμὸν

255 538 359 626 τύχης.
404 540 445 604 ΙΙ.
477 548 513 605 3:
543 538 608 604 ύιτό
637 538 739 627 τύχης.
792 539 829 603 de
858 537 979 603 delectu
1008 537 1211 613 oraculorum,
1243 545 1303 602 24:
1333 536 1373 603 τὸ

255 645 454 734 μικροτάτην
474 646 570 733 τύχην
593 641 856 731 europalatem
887 663 946 726 qne
974 645 1041 708 loeo
1071 643 1198 708 maximi
1221 643 1373 709 momenti

254 752 455 836 ponderisque
491 752 528 816 ad
562 770 610 815 res
643 752 792 816 humanas
825 769 896 835 prae
929 750 1019 835 tyehe
1053 769 1117 815 esee
1150 749 1373 814 divinationem

254 858 445 941 praedicatur
460 860 496 942 ¹).
536 856 573 922 de
591 860 718 939 supersi.
745 866 781 923 7:
805 857 843 922 liv
864 855 901 922 δὲ
923 854 1071 945 δυσφορῇ
1093 854 1150 922 καὶ
1172 853 1373 944 βαρυνταθῇ,

255 964 384 1041 πάντας
407 962 464 1031 ἐπὶ
487 965 546 1052 τὴν
566 964 661 1051 τύχην
682 962 739 1029 καὶ
762 965 801 1029 τὸ
824 961 1008 1046 αύτόματον
1030 960 1274 1050 ἐπερειδομένον
1297 963 1373 1040 τοὺς

255 1067 422 1156 ὀδυρμούς.
462 1070 585 1151 Quaest.
602 1089 698 1154 symp.
715 1070 800 1135 VIII.
827 1083 861 1136 1:
885 1072 954 1154 ἅμα
970 1082 1026 1157 τῆς
1043 1070 1137 1158 τύχης
1151 1070 1206 1135 τὸν
1227 1070 1372 1157 μιμητὴν

256 1190 322 1242 τῶν
352 1189 514 1264 τραγικῶν
536 1181 659 1243 παθῶν
682 1175 857 1265 ἐξαγούσης
879 1175 936 1242 καὶ
965 1178 1021 1243 τὸν
1049 1176 1226 1264 ἀγωνιστὴν
1257 1173 1372 1242 ἐπεισ-

255 1283 401 1371 αγούσης.
447 1284 566 1367 Tyehes
588 1284 635 1348 ris
657 1284 752 1348 etiam
782 1283 820 1348 ad
850 1283 924 1348 duas
945 1283 1099 1368 graviores
1126 1301 1175 1348 res
1196 1281 1313 1348 mirum
1335 1283 1372 1346 iu

254 1389 379 1455 modum
395 1390 620 1473 coniungendas
634 1391 778 1474 pertinet,
801 1409 870 1456 aum
889 1391 1067 1476 Dionysium
1083 1393 1248 1475 tyrannum
1263 1390 1372 1454 eodem

253 1496 304 1561 die
327 1499 434 1562 natum
464 1516 544 1576 esse,
573 1517 632 1581 quo
660 1498 821 1582 Euripides
849 1501 937 1580 poeta
968 1501 1105 1562 morinus
1132 1496 1190 1573 sit,
1220 1498 1371 1561 narretur.

253 1601 357 1669 Simili
381 1604 469 1670 modo
493 1605 609 1669 multae
630 1604 710 1669 aliae
731 1624 781 1669 res
804 1624 947 1689 casusque
970 1604 1092 1669 annecti
1115 1603 1214 1668 solent
1227 1604 1262 1686 ²).

323 1709 473 1795 Sequatur
495 1730 577 1776 nune
599 1711 764 1795 singularis
779 1711 923 1777 tractatio
937 1711 1125 1776 locutionum
1149 1709 1229 1792 apud
1245 1709 1371 1774 Plutar-

252 1817 346 1882 ehum
368 1817 444 1882 satis
466 1817 672 1901 frequentium
689 1837 764 1902 quae
781 1820 853 1882 sunt
874 1818 960 1882 κατὰ
975 1818 1069 1905 τύχην
1088 1820 1120 1882 ei
1135 1816 1203 1882 ἀπὸ
1225 1816 1321 1905 τύχης
1334 1817 1371 1900 ³).

256 1922 338 1988 Nam
360 1923 539 2007 plerumque
569 1942 654 1989 casus
684 1923 831 2008 feriisque
853 1926 1036 2007 potestatem
1059 1923 1244 2006 praedicant.
1291 1923 1371 1988 Mer.

254 2037 296 2096 97
321 2030 362 2095 ll:
393 2026 422 2095 εἰ
452 2030 562 2095 πάντα
593 2027 899 2117 nequiveramus&
926 2030 1029 2118 τύχην.
1077 2038 1140 2097 316
1164 2028 1202 2096 O:
1231 2028 1372 2116 ιτύτερον

255 2137 341 2200 κατὰ
363 2136 458 2224 τύχην
480 2135 668 2225 συνέστηκεν
682 2138 703 2225 ἢ
717 2138 802 2201 κατὰ
821 2136 986 2219 πρόνοιαν.
1027 2145 1089 2202 317
1103 2137 1149 2202 A:
1172 2137 1257 2201 κατὰ
1272 2136 1371 2218 τύχας

255 2239 483 2325 ἐλαυνομένων.
531 2252 594 2311 317
607 2242 647 2310 O:
680 2240 793 2309 οὐκοῦν
821 2242 909 2328 κάγὼ
932 2244 1017 2307 κατὰ
1040 2243 1135 2330 τύχην
1158 2243 1369 2330 πεπήρωμαι.

253 2356 319 2414 320
333 2350 375 2414 B:
398 2350 483 2414 κατὰ
506 2349 608 2439 τύχην.
649 2358 712 2416 335
726 2352 770 2415 D:
794 2351 880 2415 κατὰ
895 2350 989 2438 τύχην
1009 2346 1169 2434 γεγονέναι
1191 2347 1248 2413 καὶ
1271 2346 1370 2414 αύτο-

252 2454 374 2538 μάτως.
426 2465 488 2523 399
502 2457 545 2520 D:
575 2454 728 2522 συνέπεσε
756 2458 843 2521 κατὰ
872 2457 967 2545 τύχην
996 2455 1196 2539 αὐτομάτως.
1250 2456 1370 2520 42:1⁴2:

253 2550 328 2625 ἀλλ’
362 2557 441 2627 ἔνιοι
470 2559 530 2645 μὲν
560 2558 614 2627 οὖν
642 2560 752 2649 ὀρθῶς
782 2564 868 2627 κατὰ
894 2562 989 2651 τύχην
1011 2557 1206 2651 ἒνιλήθησαν.
1253 2570 1318 2628 740
1330 2561 1370 2627 O:

253 2667 298 2746 ὡς
328 2664 397 2757 εἰκῆ
426 2668 482 2734 καὶ
513 2671 597 2734 κατὰ
627 2669 721 2758 τύχην
750 2669 920 2754 γινόμενον.
978 2677 1059 2735 1101
1075 2671 1118 2734 B:
1147 2664 1279 2753 ἔναγχος
1308 2669 1370 2756 γὰρ

253 2776 339 2840 κατὰ
368 2776 462 2864 τύχην
492 2776 552 2853 τὰς
583 2775 761 2854 ἐπιστολὰς
792 2776 928 2864 διῆλθον
957 2774 1064 2841 αὐτοῦ.
1117 2775 1243 2858 Saepius
1272 2775 1369 2841 etiam

254 2883 293 2947 τὸ
328 2884 412 2947 κατὰ
446 2882 540 2968 τύχην
574 2885 769 2948 memoratur.
824 2891 888 2949 426
906 2883 949 2948 D:
988 2880 1071 2946 ἀλλὰ
1102 2879 1248 2970 χρωμένη
1283 2884 1370 2969 πρὸς

253 2988 364 3053 πάντα
387 2989 436 3074 τῷ
458 2990 544 3054 κατὰ
566 2988 660 3077 τύχην
682 2988 738 3054 καὶ
755 2987 937 3075 αὐτομάτῳ.
977 2997 1041 3056 436
1056 2990 1097 3054 D:
1121 2988 1204 3053 ἀλλὰ
1218 2987 1266 3074 τῷ
1281 2990 1369 3054 κατὰ

253 3094 348 3183 τύχην
376 3093 432 3159 καὶ
461 3093 653 3177 αὐτομάτως
681 3091 913 3160 ἀνατίθεσθαι.
969 3096 1106 3161 111513:
1141 3096 1179 3160 τὸ
1214 3093 1249 3159 δὲ
1283 3095 1370 3159 κατὰ

253 3201 351 3290 φύσιν
373 3199 518 3267 ἕπεσθαι
548 3199 596 3287 τῷ
625 3202 711 3267 κατὰ
733 3202 837 3290 τύχην.
883 3202 962 3267 Sunt
989 3202 1105 3267 multae
1127 3200 1263 3266 eiusdem
1286 3200 1371 3265 modi

253 3306 422 3373 locutiones
445 3308 540 3373 etiarn
564 3309 597 3372 in
614 3308 697 3374 Vitis
711 3309 876 3392 parallelis,
898 3309 952 3374 ubi
969 3308 1105 3373 conferas
1123 3326 1232 3392 quaese
1256 3316 1319 3374 108
1332 3307 1369 3372 F.

254 3422 317 3479 142
330 3415 367 3479 Β.
400 3422 462 3480 145
476 3416 512 3480 Β.
545 3423 607 3482 190
620 3416 653 3479 Ε.
687 3416 801 3482 1061).
834 3413 944 3481 2250.
976 3423 1039 3481 357
1052 3414 1091 3480 A.
1117 3423 1179 3480 362
1192 3413 1224 3479 0.
1251 3414 1369 3482 3751.

253 3527 319 3587 384
332 3521 366 3584 Β.
396 3522 506 3588 42611.
540 3523 654 3590 427D.
687 3523 799 3589 laen.
830 3524 943 3588 461A.
973 3523 1089 3589 511A.
1121 3521 1228 3588 5680.
1258 3519 1371 3588 5730.

255 3627 366 3695 saell.
407 3630 518 3695 629B.
559 3631 667 3696 671E.
700 3639 761 3697 759
777 3631 812 3694 Β.
841 3639 904 3696 822
919 3630 954 3694 Β.
987 3638 1070 3696 1035
1086 3630 1121 3708 B,
1141 3629 1174 3693 F.
1232 3627 1371 3693 Eandem

252 3763 465 3774 ——-——.

324 3842 351 3907 1)
370 3839 409 3896 Cf.
429 3841 460 3896 R.
479 3840 735 3910 Schmertoech,
753 3843 794 3897 De
812 3843 947 3896 Plutarchi
967 3842 1170 3908 sententiarum,
1195 3857 1261 3911 quae
1279 3840 1313 3894 ad
1331 3840 1372 3895 di·

252 3930 684 4001 vinationemspeetani,01igine.
720 3932 792 3986 Dise.
810 3933 898 4000 inaug.
935 3931 1040 4001 Leipzig
1060 3931 1136 3985 1889.

324 4019 351 4084 2)
374 4018 403 4073 F.
427 4019 593 4088 Roesiger
614 4021 633 4075 l.
659 4037 697 4086 α,
721 4039 745 4090 p.
770 4022 796 4075 S.
839 4020 873 4074 H.
898 4021 1010 4087 Diels,
1033 4018 1251 4087 chronologisrhe
1273 4008 1379 4073 Unter?

253 4106 404 4175 euehungen
422 4109 486 4162 iiber
504 4107 659 4179 Apelloders
673 4107 811 4163 Chronilra.
839 4109 1009 4163 Rheinisehes
1026 4109 1146 4162 Museum
1164 4107 1254 4161 XXXI
1267 4108 1371 4175 (1876),

272 4197 336 4249 .ls
374 4239 380 4251 .

251 4212 270 4266 p
322 4213 408 4349 33qu.
427 4285 676 4355 Wytlenbaah,
695 4286 805 4340 lexicon
824 4285 1010 4340 Plutarcheum
1028 4286 1064 4354 11,
1083 4286 1144 4340 849.
