3084 4834
638 269 797 358 „..„.31‚.„.„„

160 455 245 521 omni
277 454 399 520 fortuna
429 457 579 538 gessimus
608 455 819 539 gemmasque,
849 474 946 538 neque
976 474 1025 520 eos
1054 454 1202 519 secundae
1231 474 1279 520 res

159 562 337 627 extulerunt
360 581 415 625 nec
438 562 579 628 adversae
603 562 818 627 minuerunt“.

227 669 349 745 Florus,
377 688 446 733 cum
471 688 531 734 non
555 669 655 733 solnm
677 669 771 745 iacta,
801 668 853 733 sed
881 669 974 733 etiam
999 669 1165 733 sententias
1188 673 1279 751 atque

159 776 334 858 opinionem
366 775 448 839 Liuii
479 775 643 858 reciperet,
673 775 813 840 fortunae
843 794 963 857 qnoque
992 777 1148 840 notionem
1176 775 1214 838 ab
1245 793 1279 839 eo

159 883 294 963 sumpsit
316 882 409 947 variis
425 882 576 947 coloribus
591 882 716 964 pictam.
756 881 918 946 Praedieat
932 882 1085 947 fortunam
1109 881 1153 944 rei
1176 881 1278 963 publi·

158 1008 220 1054 eac.
266 989 307 1053 11.
333 996 406 1065 6:‚
410 990 475 1062 sed
506 1006 616 1071 magna
645 987 749 1070 populi
773 989 905 1053 Romani
933 988 1131 1063 fortunat
1100 991 1131 1051 et
1160 1005 1280 1068 semper

157 1096 192 1160 in
223 1095 313 1159 malis
341 1095 455 1172 maior,
485 1095 559 1160 totis
588 1096 686 1159 denuo
717 1095 833 1159 viribus
870 1095 1095 1159 consurrexit&
1148 1095 1188 1158 ΙΙ.
1223 1103 1279 1159 13:

159 1203 232 1280 „sic
262 1201 298 1265 de
329 1201 503 1284 principatu
533 1201 727 1274 laborabant,
762 1205 909 1282 tanquam
944 1200 1018 1265 duos
1047 1200 1165 1264 tanti'
1157 1200 1279 1283 unperii

159 1309 284 1373 fortuna
299 1327 358 1373 non
382 1312 539 1390 caper·et“.
572 1307 697 1389 Saepius
713 1307 866 1372 fortunam
889 1327 1041 1370 summam
1063 1308 1094 1371 in
1119 1308 1279 1371 hominum

159 1416 250 1480 rebus
273 1415 488 1480 auctoritatem
509 1415 646 1479 obtinere
662 1414 776 1491 laudat,
800 1433 875 1497 quae
895 1434 964 1478 cunr
981 1414 1094 1478 virtute
1117 1415 1280 1478 coniuncta

158 1541 271 1605 magna
294 1520 421 1604 perficit.
469 1521 491 1585 Ι.
518 1531 553 1586 1:
584 1524 657 1598 „tot
688 1521 720 1584 in
743 1521 900 1585 laboribus
923 1519 1126 1603 periculisque
1148 1521 1280 1585 iactatus

159 1632 220 1704 est,
248 1631 284 1692 ut
306 1628 343 1691 ad
368 1627 615 1692 constituendum
639 1627 703 1692 eius
728 1627 891 1709 imperium
916 1627 1104 1691 contendisse
1128 1627 1226 1691 virtus
1249 1630 1280 1690 et

159 1737 283 1801 fortuna
305 1733 502 1799 videantur“.
550 1734 730 1810 Nonnullis,
761 1735 814 1817 qui
845 1733 995 1816 singulari
1019 1733 1157 1798 fortunae
1179 1733 1280 1815 gratia

159 1842 315 1914 fruuntur,
339 1841 472 1905 manime
495 1841 599 1905 favens
622 1842 790 1923 praeclaros
817 1840 989 1922 triumphos
1011 1840 1133 1905 tribuit.
1171 1841 1196 1904 I.
1221 1848 1278 1905 40:

160 1998 179 2025 ‚‚
189 1948 315 2025 Hiberi,
346 1947 464 2029 Caspii,
496 1947 611 2011 Albani
639 1951 671 2011 et
699 1949 844 2030 utraeque
875 1946 1081 2011 sollicitantur
1104 1946 1278 2024 Armeniae,

159 2074 213 2138 per
241 2073 317 2136 quac
346 2055 448 2118 omnia
472 2053 562 2118 decus
592 2059 624 2118 et
654 2072 765 2118 nomen
796 2057 827 2117 et
856 2053 966 2118 titulos
994 2053 1110 2137 gloriae
1133 2053 1280 2135 Pompeio

160 2179 215 2226 suo
239 2161 360 2225 fortuna
375 2160 567 2243 quaerebat.“
599 2161 624 2224 1.
642 2168 701 2225 45:
725 2160 828 2237 „Asia
843 2160 983 2241 Pompeii
999 2161 1140 2225 manibus
1155 2160 1280 2224 subacta

159 2267 286 2350 reliqua,
310 2286 386 2351 quae
409 2267 566 2332 restabant
589 2268 621 2330 in
646 2268 775 2349 Europa,
799 2268 952 2331 l'ortuna
944 2288 976 2330 m
1000 2267 1194 2332 Caesaremt
1180 2272 1279 2332 t·rans

159 2373 267 2438 tulit.“
313 2373 408 2456 Saepe
433 2373 493 2437 fort
480 2376 555 2438 tuna
576 2374 679 2456 propit
680 2373 709 2438 ia
740 2377 785 2438 est
813 2391 849 2437 ac
878 2373 1018 2438 secunda
1065 2374 1088 2438 1
1115 2383 1150 2438 1:
1182 2392 1278 2452 „nam

159 2482 307 2546 Fidenate
277 2480 412 2544 tbello
434 2480 522 2544 missi
545 2480 578 2544 in
601 2479 753 2544 auxilium
777 2500 813 2544 en
836 2481 954 2544 foedere
977 2480 1150 2545 mediit
1102 2485 1150 2545 int
1151 2500 1182 2544 er
1206 2480 1280 2545 duos

160 2592 370 2670 exspectavere
406 2587 597 2651 fortunam“.
655 2588 695 2651 ll.
733 2595 790 2652 13:
826 2586 966 2670 „aliquid
1001 2591 1104 2652 tamen
1138 2587 1280 2652 adversus

159 2694 317 2759 absentem
350 2694 457 2757 ducem
487 2713 560 2758 ansa
589 2695 711 2758 fortuna
735 2697 781 2758 est
804 2694 885 2758 circa
907 2695 1063 2778 Illyricam
1087 2698 1118 2759 et
1141 2695 1280 2759 Africam

159 2818 262 2876 oram,
296 2800 381 2883 quasi
415 2799 451 2864 de
487 2799 639 2864 industria
673 2819 814 2882 prospera
848 2801 914 2866 eius
944 2801 1077 2866 adversis
1110 2801 1278 2865 radiaret“.

159 2907 200 2971 ΙΙ.
229 2915 287 2971 13:
317 2926 508 2989 „numquam
539 2906 604 2971 ullo
633 2907 700 2972 loco
727 2910 849 2972 tantum
873 2908 987 2972 virium
1010 2908 1115 2990 populi
1138 2907 1279 2984 Romani,

159 3016 282 3077 tantum
308 3012 470 3095 dignitatis
500 3014 623 3079 fortuna
645 3015 814 3096 resperit“
864 3015 901 3079 ΙΙ.
929 3025 987 3081 10:
1018 3014 1104 3090 „fort
1091 3018 1197 3078 tunam
1227 3033 1279 3076 en·

160 3124 302 3202 pertus“.
342 3120 400 3186 Sed
424 3125 456 3185 et
475 3121 657 3186 iniuriarum
674 3123 814 3187 ultricem
832 3121 971 3185 nominat
957 3121 1094 3186 tFlorus
1116 3121 1279 3185 fortunam.

161 3227 202 3291 ΙΙ.
229 3236 285 3293 13;
317 3228 494 3303 „ultionem
523 3228 687 3293 clarissimi
719 3229 779 3293 viri
809 3229 950 3294 manibus
971 3231 1136 3310 quaerente
1158 3227 1280 3291 fortuna

162 3352 251 3399 causa
282 3352 341 3398 non
370 3335 505 3401 defrrit“.
560 3337 708 3400 Homines
739 3336 829 3401 malis
861 3335 990 3400 afflictos
1024 3335 1107 3399 fallit
1140 3334 1280 3398 fortunae

162 3440 375 3506 inconstantia.
423 3443 463 3506 ΙΙ.
489 3451 545 3508 13:
576 3442 684 3522 ‚‚'sed
677 3463 709 3506 111
738 3443 876 3507 debitum
899 3461 954 3525 par
976 3443 1098 3507 fortuna
1119 3442 1279 3524 flagita
1209 3445 1279 3506 ante

163 3548 262 3612 sedem
294 3548 375 3613 bello
398 3550 562 3631 Pompeius
591 3549 704 3632 Epiron
735 3548 1190 3632 elegerac“11.13:„hie
1220 3567 1280 3613 non

162 3672 215 3735 pro
245 3657 346 3720 cetera
376 3653 544 3731 felicitate
575 3656 626 3720 scd
649 3658 819 3736 ancepsct
805 3654 945 3720 tdiut
930 3655 1019 3720 triste
1049 3654 1214 3737 proelium,
1244 3657 1281 3719 ut

161 3761 250 3842 plane
280 3762 435 3825 videretur
464 3761 565 3826 nescio
599 3761 672 3845 quid
703 3761 815 3826 librare
845 3763 1002 3827 fortunat
1059 3764 1097 3826 ΙΙ.
1132 3771 1165 3827 8:
1201 3781 1280 3844 „per

160 3867 314 3931 fortunam
331 3868 363 3930 in
381 3867 484 3932 omnia
501 3869 658 3933 obnoxii“.
689 3869 840 3963 Agnoscit
861 3869 990 3953 denique
1007 3870 1113 3935 Florus
1130 3868 1277 3933 invidiam

160 3974 308 4038 fortunae
355 3975 641 4057 11.1a:‚,itaqne
672 3975 812 4040 invidens
840 3975 901 4041 fort
887 3979 962 4041 tuna
983 3976 1115 4059 principi
1138 3979 1213 4058 gent
1214 3976 1277 4039 ium

159 4081 315 4163 populo
306 4101 407 4164 rpsum
442 4082 600 4147 illumin
636 4082 763 4147 aritium
800 4082 848 4148 sni
882 4084 1040 4148 armavit“
1043 4084 1176 4148 Fotr
1178 4102 1210 4146 es
1245 4101 1279 4146 ac

160 4188 281 4252 honesti
316 4190 374 4252 riri
409 4189 563 4253 fortunam
599 4188 834 4254 devincentes
825 4192 977 4254 innoxiam
1014 4136 1112 4254 lacere
1146 4192 1278 4271 possunt.

159 4295 185 4359 Ι.
212 4304 271 4360 18:
296 4294 358 4372 „dc
381 4296 503 4360 fortuna
527 4295 768 4377 triumphavit“.
