3084 4834
24 3470 31 3509 l

270 430 388 520 Γναίῳ,
413 432 488 499 τότε
509 432 655 516 μάλιστα
677 432 822 521 ποιήσας
844 431 990 521 φανερόν,
1014 432 1065 497 ότι
1088 443 1146 520 της
1169 429 1390 521 φιλαργυρίας
1516 480 1517 491 ,

267 537 306 629 ἦν
329 539 362 606 ἐν
384 538 473 626 αὐτῷ
501 564 535 604 τι
564 539 665 605 κακόν
695 537 915 626 ἀγεννέστερον
937 540 957 626 η
979 535 1181 626 φιλοψυχία,
1212 527 1260 604 δι’
1286 536 1341 628 ἣν,
1371 536 1392 605 ὃ

268 646 366 729 μόνον
394 646 415 732 ἡ
443 645 521 733 τύχη
550 658 615 710 τῶν
645 641 852 711 ἐπταικότων
881 643 939 710 οὐκ
967 644 1177 732 ἀφαιρεῖται,
1207 645 1263 710 τόν
1294 641 1390 727 ἔλεον,

269 750 487 839 ἀπεστέρησεν
510 747 635 817 ἑαυτοῦ.
683 755 742 817 36:
773 750 975 836 λογιζόμενος
997 747 1147 837 ἀνδρείας
1176 750 1234 817 καὶ
1261 758 1393 841 hadda·

270 857 421 946 λεότητος
437 856 630 944 ἀνθρώποις
652 855 689 923 ού
712 858 798 945 πρδς
820 857 910 923 ὅπλα
932 855 990 922 καὶ
1012 853 1152 944 σαρίσας
1172 869 1287 946 χρησιν
1308 851 1392 924 εῖναι

269 963 384 1048 μόνον,
414 961 498 1029 ἀλλὰ
527 964 613 1050 πρὸς
640 973 753 1029 πᾶσαν
776 963 908 1046 ὁμαλῶς
930 962 1025 1051 τύχης
1048 960 1244 1030 ἀντίστασιν.
1291 966 1394 1050 Tycha

269 1073 390 1135 nostrae
424 1069 535 1134 virtuti
577 1069 764 1152 consilioque
797 1071 974 1135 adversatur
1007 1072 1040 1134 et
1078 1074 1249 1154 repugnat,
1290 1072 1394 1155 itaque
1516 1062 1517 1125 l

268 1175 393 1259 utrique
423 1176 509 1239 atrox
538 1193 658 1258 semper
687 1194 790 1258 pugna
823 1175 985 1259 pugnanda
1014 1178 1070 1241 est.
1123 1176 1302 1260 Pelopidas,
1334 1187 1391 1244 10:

271 1282 416 1369 δεύτερον
446 1279 564 1368 ἐπῆγεν
594 1281 613 1368 ἡ
642 1280 719 1369 τύχη
747 1293 889 1367 χειμῷνα
918 1284 990 1358 τοῖς
1019 1280 1182 1369 ἀνδράσιν.
1237 1283 1394 1361 Lucullus

273 1398 310 1456 2:
339 1382 538 1464 ἐπιστασίας
566 1384 782 1463 συσταλέντος
811 1386 877 1452 ὑπὸ
905 1398 963 1474 της
992 1387 1095 1475 τύχης.
1148 1387 1227 1454 cim.
1259 1393 1291 1454 ct
1320 1391 1396 1455 Luc.

271 1513 371 1576 comp.
399 1503 432 1558 2:
456 1491 580 1570 ἀτελεῖς
596 1489 739 1577 ἐγένοντο
762 1504 827 1557 τῶν
850 1491 1008 1580 πράξεων,
1032 1492 1050 1559 ό
1071 1491 1131 1574 μὲν
1152 1494 1319 1574 καθάπαξ
1340 1495 1397 1561 διά

272 1601 329 1688 τὴν
351 1599 455 1685 τύχην.
501 1598 641 1676 erasus,
666 1607 722 1664 21:
752 1597 814 1663 ὅσα
837 1599 1020 1686 συνήνεγκεν
1048 1595 1095 1677 είς
1116 1595 1254 1685 όλεδρον
1276 1601 1296 1687 ἡ
1318 1601 1395 1689 τύχη

276 1704 372 1772 κακά.
418 1704 565 1782 Phocion,
583 1714 619 1769 1:
642 1702 683 1790 τῇ
698 1704 775 1792 τύχη
791 1702 1040 1793 ἀντιταττομένῃ
1055 1707 1140 1793 πρὸς
1160 1707 1235 1784 τοὺς
1251 1704 1397 1792 ἀγαθούς

275 1811 404 1898 άνδρας.
451 1810 688 1886 Demosthenem
713 1820 749 1877 3:
778 1805 808 1875 εῖ
839 1808 963 1895 γένοιτο
985 1809 1029 1899 τῇ
1051 1810 1147 1899 φύσει
1176 1810 1233 1878 καί
1256 1813 1300 1901 τῇ
1322 1813 1398 1901 τύχη

275 1917 435 2005 καθάπερ
457 1913 616 1997 τεχνίταις
639 1915 773 1999 όμιλλα.
819 1915 915 1999 Saepe
944 1917 1034 1983 nobis
1063 1918 1178 1984 virtute
1200 1918 1397 2002 moribusque

274 2023 429 2090 exornatis
456 2022 568 2087 acriter
596 2024 795 2105 pugnandum
831 2026 879 2088 est
913 2042 984 2088 oum
1013 2024 1217 2090 incommodis
1246 2026 1399 2110 rebusque

275 2128 410 2194 adversis
439 2147 459 2192 a
488 2128 611 2193 fortuna
638 2128 727 2193 nobis
755 2128 863 2193 illatis.
915 2128 953 2193 de
982 2130 1053 2195 fort.
1079 2141 1114 2195 1:
1144 2127 1276 2213 δαίμονι
1306 2129 1400 2217 κακῷ

276 2232 334 2301 καί
356 2234 433 2321 τύχη
453 2231 660 2321 χρησάμενος.
706 2233 743 2299 do
765 2235 854 2301 Rom.
869 2235 940 2300 fort.
965 2243 1004 2301 3:
1029 2233 1231 2322 ὀργιζόμενον
1245 2234 1289 2325 τῇ
1312 2236 1397 2324 τύχη.

279 2350 339 2407 10:
362 2334 400 2426 ἧς
422 2337 496 2405 οὐδὲ
517 2340 575 2428 την
596 2336 677 2426 ῖίψιν
699 2338 774 2405 οὐδὲ
795 2340 851 2407 τόν
872 2340 996 2428 τρόπον
1018 2340 1204 2430 ἠμαύρωσεν
1226 2344 1247 2431 ἡ
1270 2342 1348 2431 τύχη
1363 2345 1398 2430 ¹).

278 2446 316 2511 dc
338 2446 427 2510 Alam
452 2444 520 2511 fort
543 2446 572 2523 I,
596 2454 633 2511 2:
662 2444 758 2535 τύχης
780 2445 1073 2535 ἀνταγωνιζομένης
1101 2446 1138 2513 ού
1161 2450 1399 2538 συμμαχούσης.

283 2560 341 2620 13:
373 2541 447 2616 ἀλλ’
477 2551 560 2617 occu
588 2550 716 2639 δύσερις
744 2549 783 2640 ἦν
812 2550 869 2618 καί
898 2552 1062 2631 βάσκανος
1084 2555 1104 2641 ἦ
1126 2553 1213 2643 τύχη.
1237 2591 1282 2602 -
1305 2556 1401 2645 τύχης

279 2655 338 2724 καί
367 2654 522 2740 δαίμονος
550 2662 716 2745 φθονεροῦ
745 2655 804 2723 καί
832 2656 988 2741 νεμέσεως
1017 2654 1111 2725 ἔσται
1140 2660 1179 2725 τό
1207 2654 1309 2747 ἔργον.
1364 2661 1401 2727 de
1516 2698 1517 2719 ι

279 2763 507 2846 tranquillitate
528 2763 636 2841 animi,
662 2772 721 2830 16:
743 2764 829 2850 πρὸς
851 2765 908 2852 την
930 2764 1025 2852 τύχην
1047 2763 1150 2842 ἀδεῶς
1172 2764 1230 2832 καὶ
1252 2765 1402 2856 ἀτρόμως

278 2865 395 2936 εἰπεῖν.
443 2880 502 2936 17:
531 2868 630 2958 μόνην
658 2870 780 2959 ταύτην
807 2870 851 2959 τῇ
878 2870 955 2958 τύχη
985 2870 1088 2959 λαβὴν
1110 2868 1255 2938 δίδωσιν.
1279 2912 1325 2923 -
1346 2885 1403 2962 της

229 2995 232 3000 ·
280 2976 376 3065 τύχης
398 2974 510 3040 πάντα
532 2974 637 3041 τάλλα
659 2976 874 3065 λεηλατούσης
895 2975 954 3042 καὶ
976 2975 1255 3067 περιαιρουμένης.
1277 3017 1321 3027 -
1343 2980 1400 3067 την

281 3081 388 3170 φύσιν,
411 3081 455 3159 ὡς
476 3079 578 3170 μηδὲν
601 3078 729 3169 ἰσχυρὸν
750 3080 835 3170 μηδὲ
858 3082 994 3166 μόνιμον
1015 3081 1101 3172 μηδὲ
1121 3081 1205 3171 ὑπὲρ
1228 3086 1286 3173 τὴν
1308 3084 1402 3173 τύχην

282 3184 427 3270 ἔχουσαν.
466 3187 550 3269 Quae
573 3187 611 3253 ad
626 3208 675 3254 ras
689 3191 829 3254 externas
844 3189 1010 3272 pertinent,
1033 3209 1105 3255 cum
1127 3190 1218 3275 tycho
1233 3191 1404 3274 plurimum

279 3294 399 3372 valeat,
432 3296 537 3360 tamen
566 3294 728 3380 ingenium
757 3297 897 3361 nostrum
930 3296 1111 3380 animusque
1139 3296 1271 3362 minime
1299 3297 1338 3363 ab
1369 3316 1404 3362 ea

283 3399 400 3466 mutari
415 3402 524 3482 potest
568 3411 625 3468 17:
648 3383 678 3487 ηῖ
700 3397 827 3482 δέχεται
850 3402 908 3489 την
930 3400 1034 3489 τύχην.
1059 3440 1102 3449 -
1124 3403 1209 3489 πρὸς
1231 3404 1289 3492 τὴν
1311 3403 1405 3490 τύχην
1516 3394 1517 3405 ¹

287 3503 448 3590 λέγοντας.
482 3542 527 3553 -
561 3504 619 3572 καί
653 3508 714 3595 γάρ
749 3508 768 3595 ἡ
802 3507 879 3596 τύχη
914 3507 1050 3574 δύναται
1087 3507 1171 3595 νύσφ
1206 3509 1404 3597 περιβαλεῖν,

285 3609 470 3699 ἀφελέσθαι
506 3612 677 3700 χρήματα,
718 3612 890 3697 διαβαλεῖν
929 3613 1014 3699 πρὸς
1054 3613 1155 3701 δῆμον
1188 3614 1208 3703 ἢ
1241 3615 1403 3703 τύῤῥανον.

284 3718 386 3784 κακόν
409 3715 445 3783 δὲ
468 3715 525 3783 καὶ
548 3717 652 3784 δειλόν
674 3716 731 3784 καί
747 3718 990 3807 ταπεινόφρονα
1012 3717 1071 3785 καὶ
1091 3718 1205 3808 ἀγγενη
1226 3719 1284 3786 καί
1315 3726 1406 3810 φθο-

280 3824 379 3913 νηρὸν
414 3821 451 3889 ού
486 3822 621 3889 δύναται
644 3836 785 3912 ποιησαι
818 3826 875 3892 τὸν
909 3824 1039 3911 ἀγαθόν
1077 3823 1135 3891 καί
1168 3825 1316 3915 ἀνδρώδη
1349 3824 1406 3892 καὶ

358 4088 385 4158 1)
411 4089 488 4143 Hanc
512 4088 652 4143 historiam
679 4089 762 4143 Servii
785 4106 816 4143 ax
840 4089 946 4145 Ocresia
970 4091 1027 4145 uati
1054 4091 1168 4162 sumpsit
1190 4091 1350 4147 Plutarchus
1376 4108 1406 4145 ax

284 4176 384 4230 Valerii
409 4176 529 4231 Antiatis
553 4177 707 4245 annalibus,
732 4194 843 4247 quorum
860 4179 1008 4247 fragmenta
1031 4180 1147 4234 conferas
1171 4195 1267 4249 quaeso
1286 4181 1356 4251 apud
1372 4179 1405 4235 E

287 4264 408 4333 Peter,
426 4264 499 4319 Hist.
517 4265 593 4320 Rom.
611 4266 713 4334 fragm,
730 4283 757 4337 p.
777 4266 838 4321 154.
