3084 4834
289 426 474 492 Aristoteles
507 427 564 514 την
597 427 692 515 τύχην
725 426 915 514 παράλογόν
947 452 980 492 τι
1014 427 1162 492 nominat.
1193 428 1285 492 Rhet.
1317 429 1340 492 Ι.
1370 437 1414 494 5:

289 528 360 599 ἔστι
383 531 419 598 δὲ
442 531 499 598 καὶ
521 546 586 597 τῶν
608 535 702 621 παρὰ
725 533 819 618 λύγον
840 532 978 618 ἀχαθῶν
1000 530 1093 598 αἰτία
1116 534 1203 620 τύχη.
1250 534 1340 618 ΡΙιχσ.
1365 535 1412 599 ΙΙ.

289 647 327 704 5:
350 637 407 704 καὶ
429 639 468 705 τὸ
491 638 594 724 φάναι
616 630 700 709 εἶναι
722 663 756 704 τι
779 639 969 726 παράλογον
990 641 1048 727 τὴν
1069 641 1166 728 τύχην
1180 637 1300 727 ὀρθῶς.
1335 642 1410 707 luuh.

288 746 365 810 liud.
393 746 460 812 VII.
487 754 543 810 14:
573 746 631 833 την
661 746 756 834 τύχην
786 743 939 811 τιθέασιν
961 741 1071 811 αἰτίαν
1098 745 1254 832 ἀνάλογον
1277 745 1412 833 ἀνθρω-

287 848 375 938 πίνην
402 851 557 938 λογισμῷ.
603 852 829 918 Commemorat
859 852 952 918 etiam
981 853 1076 943 τύχην
1105 851 1269 937 ἀβέβαιον.
1316 855 1411 937 PhyS.

288 958 328 1023 11.
355 965 384 1022 5.

356 1064 415 1130 Sed
438 1064 595 1130 videamus
618 1083 707 1142 nunu,
731 1065 915 1148 quibuscum
938 1065 1010 1130 aliis
1031 1065 1209 1132 notionibus
1224 1066 1411 1132 Aristoteles

288 1171 346 1259 την
358 1170 452 1256 τύχην
468 1172 668 1236 coniunxerit.
698 1171 825 1253 Saepius
839 1172 948 1237 latiore
963 1191 1054 1237 sensu
1065 1172 1197 1256 legimus
1209 1173 1410 1239 coniunctum

286 1275 472 1360 αὐτόματον
499 1276 556 1343 ναὶ
587 1278 690 1365 τύχην.
742 1278 912 1362 ΜεΙαμΙιχε.
940 1280 966 1344 Ι.
998 1289 1034 1345 3:
1064 1267 1135 1344 οὐδ’
1168 1275 1209 1344 αὖ
1239 1278 1286 1365 τῷ
1310 1277 1409 1343 αύτο-

287 1382 383 1470 μάτην
407 1383 465 1449 καί
488 1382 530 1472 τῇ
552 1384 629 1473 τύχη
651 1394 805 1450 τοσοῦτον
828 1382 1010 1472 ἐπιτρέψαι
1034 1396 1171 1471 πρᾶγμα
1187 1386 1296 1463 καλῶς
1318 1377 1408 1467 εἶχεν.

289 1491 335 1555 De
365 1494 443 1572 part.
472 1491 567 1556 anim.
596 1492 620 1557 Ι.
654 1502 689 1556 1:
718 1492 775 1556 τὸν
804 1479 838 1556 δ’
870 1489 1003 1577 ούρανὸν
1037 1490 1106 1558 ἀπὸ
1135 1492 1231 1580 τύχης
1259 1490 1317 1557 καὶ
1350 1500 1411 1556 τοῦ

288 1594 473 1680 αὐτομάτου
506 1607 654 1663 τοιοῦτον
687 1609 851 1683 συστηναι.
904 1600 995 1682 Phyu
1026 1599 1067 1664 11.
1102 1607 1138 1666 5:
1172 1597 1246 1665 τότε
1280 1595 1410 1683 λέγεται

288 1702 359 1768 ἀπὸ
382 1701 587 1787 ταύτσμάτου
611 1701 669 1768 καί
691 1702 760 1770 ἀπὸ
783 1704 886 1792 τύχης.
933 1705 1104 1789 ΜσΙαμΙιχε.
1136 1706 1188 1770 vl.
1221 1716 1257 1771 7:
1286 1705 1410 1771 τούτων

288 1807 328 1874 δέ
361 1833 444 1886 τινες
478 1807 640 1895 γίγνονται
674 1809 731 1875 καὶ
765 1809 836 1876 ἀπὸ
870 1809 1074 1894 ταύτομάτου
1111 1810 1169 1878 καί
1207 1811 1277 1878 ἀπὸ
1313 1812 1409 1898 τύχης

287 1913 533 2006 παραπλησίως
556 1918 667 2004 ὥσπερ
690 1915 723 1981 ἐν
745 1919 816 1994 ταῖς
832 1915 900 1984 ἀπὸ
915 1918 1042 2005 φύσεως
1056 1916 1262 2003 χιχνσμένοις.
1300 1918 1408 1983 Iddem

289 2024 336 2089 est
357 2023 435 2111 τύχη
458 2022 515 2089 καί
538 2019 669 2102 ἀταξία.
715 2024 761 2088 De
784 2027 862 2105 par'u
885 2024 980 2090 anim.
1003 2025 1029 2089 Ι.
1055 2036 1091 2089 1:
1115 2022 1148 2090 ἐν
1170 2007 1198 2111 ᾧ
1220 2023 1290 2090 ἀπὸ
1312 2024 1408 2111 τύχης

288 2126 346 2194 καὶ
368 2126 508 2208 ἀταξίας
530 2118 601 2195 οὐδ’
626 2129 733 2195 ὁτιοῦν
755 2126 920 2218 φαίνεται.
965 2130 1091 2213 Saepius
1114 2132 1208 2197 etiam
1223 2129 1332 2218 τέχνην
1348 2128 1408 2195 καὶ

288 2235 384 2323 τύχην
415 2236 575 2319 coniungit
603 2235 795 2301 Aristoteles.
841 2238 913 2301 utu.
945 2237 1015 2302 Nic.
1044 2238 1098 2302 VI.
1130 2247 1167 2302 4:
1197 2236 1254 2303 καὶ
1284 2236 1407 2324 τρόπω

286 2343 362 2407 τινὰ
384 2340 462 2429 περί
485 2344 526 2407 τὰ
549 2340 633 2407 αύτά
656 2341 744 2407 ἐστιν
767 2344 787 2430 ἡ
809 2343 886 2432 τύχη
908 2341 965 2408 καὶ
989 2345 1009 2431 ἡ
1031 2341 1139 2431 τέχνη,
1169 2343 1326 2430 καθάπερ
1350 2341 1408 2408 καὶ

286 2436 442 2532 Ἀχάθων
464 2447 546 2537 φησὶ
571 2438 688 2537 <<τέχνη
715 2449 810 2537 τύχην
839 2445 966 2537 ἔστερξε
995 2451 1053 2515 καὶ
1083 2451 1160 2538 τύχη
1183 2439 1319 2538 τέχνην”
1351 2447 1405 2534 (cf.

287 2555 404 2638 Agath.
427 2555 465 2620 ir.
492 2558 557 2638 6)..
579 2557 672 2621 Rheu
695 2557 721 2620 Ι.
746 2565 783 2623 5:
807 2552 899 2621 αἰτία
922 2544 955 2622 δ’
982 2554 1069 2622 ἐστιν
1090 2558 1110 2645 ἡ
1132 2556 1209 2644 τύχη
1232 2553 1324 2622 ἐνίων
1348 2552 1408 2638 μὲν

287 2656 334 2726 ὧν
356 2659 414 2726 καὶ
437 2657 472 2726 αἳ
488 2660 607 2743 τέχναι.
641 2664 684 2727 De
703 2667 782 2744 part.
802 2663 896 2728 anim.
920 2664 947 2728 Ι.
973 2675 1009 2728 1:
1031 2665 1051 2752 ἡ
1070 2662 1106 2729 δὲ
1125 2662 1217 2750 τέχνη
1240 2662 1335 2747 λόγος
1349 2671 1408 2727 τοῦ

288 2763 382 2855 ἔρχου
408 2767 426 2833 ὁ
449 2766 521 2833 ἀνευ
545 2780 602 2856 τῆς
625 2768 700 2857 ύλης
723 2766 821 2834 ἐστίν.
867 2767 1017 2848 καὶτοῖς
1039 2769 1108 2835 ἀπὸ
1131 2770 1225 2857 τύχης
1248 2766 1376 2853 ὁμοίως.

356 2873 415 2940 Sed
431 2878 537 2940 contra
553 2877 707 2957 ponuntur
729 2876 825 2941 etiam
848 2874 940 2964 τέχνη
963 2880 996 2942 et
1010 2877 1097 2965 τύχη.
1128 2876 1299 2960 Metaphyu
1322 2876 1348 2940 Ι.
1371 2884 1406 2940 l:

288 2982 309 3068 η
330 2978 390 3063 μὲν
412 2982 473 3067 χάρ
497 2977 652 3068 ἐμπειρία
667 2979 779 3070 τέχνην
793 2978 954 3070 ἐποίησεν,
978 2984 1023 3060 ὡς
1045 2982 1125 3071 φησί
1145 2983 1273 3063 Πῶλος,
1297 2979 1408 3069 ὀρθῶς

287 3084 398 3172 λέγων,
416 3088 434 3175 η
450 3075 485 3151 δ’
503 3085 639 3174 ἀπειρία
661 3089 764 3175 τύχην.
805 3089 859 3155 VI.
884 3100 919 3155 7:
941 3102 1007 3154 τῶν
1029 3088 1066 3154 δέ
1081 3087 1273 3174 γιγνομένων
1286 3085 1408 3171 τὰμὲν

287 3194 384 3281 φύσει
407 3191 558 3279 γίγνεται,
582 3197 624 3259 τὰ
646 3193 683 3260 ἀὲ
705 3192 806 3283 τέχνη,
829 3197 871 3260 τὰ
894 3194 931 3261 ἀὲ
953 3195 1022 3261 ἀπὸ
1037 3194 1252 3280 ταύτομάτου.
1291 3196 1346 3260 XI.
1371 3206 1406 3261 3:

288 3301 308 3388 ἡ
342 3302 403 3388 χάρ
438 3299 530 3390 τέχνη
565 3302 586 3391 ἢ
618 3302 714 3390 φύσει
748 3299 889 3387 χίχνεται
925 3303 945 3391 ἢ
979 3303 1054 3391 τύχη
1084 3303 1105 3391 ἢ
1139 3304 1188 3390 τηί
1223 3300 1407 3386 αὐτομάτῳ.
1509 3376 1510 3385 χ

289 3408 374 3472 Pau.
402 3416 457 3472 14:
480 3407 646 3496 ζητοῦντες
670 3411 731 3496 χάρ
754 3407 813 3475 σύκ
828 3409 897 3475 ἀπὸ
912 3407 1021 3497 τέχνης
1036 3399 1106 3474 ἀλλ’
1124 3409 1194 3475 ἀπὸ
1208 3410 1303 3495 τύχης
1318 3401 1407 3496 εύρσν
1509 3390 1510 3423 Ι

287 3513 326 3579 τὸ
348 3523 495 3580 τοιούτω
517 3515 777 3602 παρασκευάζειν
799 3510 833 3580 ἐν
855 3520 926 3593 τοῖς
948 3517 1078 3600 μύθοις.

355 3619 481 3703 Saepius
504 3623 599 3710 τύχην
622 3624 749 3705 opponit
764 3623 950 3688 Aristoteles
972 3623 1075 3710 φύσει.
1114 3623 1285 3706 Metaphys.
1301 3622 1354 3687 Vi.
1372 3630 1406 3687 7:

287 3727 410 3792 τούτων
433 3726 470 3793 δέ
491 3752 574 3806 τινες
590 3725 752 3814 γίγνονται
768 3728 826 3794 καί
841 3728 911 3794 ἀπὸ
927 3727 1132 3813 ταύτομάτου
1147 3728 1204 3795 καὶ
1221 3727 1290 3793 ἀπὸ
1312 3728 1407 3814 τύχης
1508 3800 1509 3805 1

288 3831 534 3922 παραπλησίως
552 3837 663 3921 ὥσπερ
679 3833 713 3900 ἐν
734 3838 805 3912 τοῖς
826 3835 896 3901 ἀπὸ
917 3837 1043 3924 φύσεως
1058 3834 1263 3921 χιχνσμέναις.
1298 3835 1353 3900 XI.
1371 3843 1406 3899 3:
1508 3862 1509 3867 ¹

287 3940 392 4029 ύχάρ
415 3938 506 4028 τέχνη
530 3942 550 4030 ἢ
572 3941 667 4028 φύσει
690 3938 833 4026 γίγνεται
861 3942 882 4029 ἢ
908 3943 984 4030 τύχη
1006 3944 1031 4030 ἢ
1059 3941 1108 4029 τῷ
1131 3940 1314 4027 αύτομάτηι.
1360 3941 1406 4005 De
1507 3984 1508 3993 ι

287 4049 365 4129 part.
389 4047 482 4113 anim.
508 4049 531 4112 Ι.
558 4059 593 4114 1:
625 4044 656 4113 oi
684 4047 721 4113 ἀὲ
747 4061 812 4113 τῶν
833 4047 893 4132 μὲν
915 4044 1006 4136 ζηίων
1028 4046 1164 4114 ἕκαστον
1187 4048 1283 4136 φύσει
1306 4044 1406 4136 φασὶν

287 4144 371 4218 εἶναι
393 4153 452 4219 καί
475 4153 637 4239 γενέσθαι,
661 4157 717 4221 τὸν
737 4144 774 4220 δ’
799 4154 933 4243 σύρανὸν
955 4155 1024 4221 ἀπὸ
1039 4156 1134 4243 τύχης
1156 4153 1287 4220 καὶτοῦ
1309 4151 1406 4218 αύτο-

286 4259 393 4343 μάτσυ
416 4271 563 4329 τοιοῦτον
586 4274 757 4351 συστῆναι,
782 4261 815 4329 ἐν
836 4246 863 4349 ᾧ
886 4262 955 4328 ἀπὸ
975 4263 1072 4350 τύχης
1090 4260 1148 4328 καί
1171 4256 1310 4340 ἀταξίας
1333 4246 1402 4326 οὔδ’
