3084 4834
622 258 783 350 ,ΛΞΜ

141 444 196 530 qui
220 446 302 509 hunc
324 442 467 508 libellum
489 443 649 510 Plutarchi
673 463 737 510 esse
760 443 907 522 defendit,
931 463 1001 510 cum
1025 445 1261 511 consolationem

143 569 162 617 a
185 552 296 617 iuuene
314 550 479 616 Plutarcho
497 550 643 632 scriptam
662 569 726 616 esse
744 551 895 616 amtimet
924 549 1023 631 Quen
1042 551 1080 615 ad
1098 570 1162 616 rem
1178 551 1261 617 ‹liin-

140 655 303 722 dicandam
326 657 441 740 tychea
465 656 556 722 sicuti
580 655 613 721 in
633 657 691 722 hoc
705 656 813 722 libello
827 661 973 733 versatur,
997 657 1081 723 notio
1096 658 1262 723 minimum

140 764 234 841 valet,
256 781 333 847 quoe
356 762 401 826 ibi
423 762 539 827 nullam
563 762 717 845 propriam
739 780 775 828 ac
795 763 983 846 singularem
1006 762 1260 848 significationem

140 870 237 936 habet
251 873 283 935 ct
297 889 315 934 a
330 869 497 934 Plutarcho
514 887 632 953 quoqne
650 870 766 952 optime
781 869 920 935 adhiberi
936 870 1094 953 potuisset,
1118 870 1261 955 quoniam

141 977 284 1043 fortunae
308 975 528 1041 mutabilitatis
553 979 646 1059 alque
672 975 865 1040 infirmitatis
893 975 926 1040 in
954 977 1011 1042 hoc
1040 976 1147 1042 libello
1173 995 1261 1059 proe-

141 1083 263 1148 dicatae
286 1082 462 1165 saepissime
487 1082 671 1147 Plutarchus
691 1099 812 1166 quoqne
834 1082 1022 1147 montionem
1053 1083 1138 1148 fecit.
1184 1082 1262 1148 Sane

141 1188 268 1273 quidem
292 1208 329 1254 cx
351 1187 486 1255 notionis
501 1192 565 1253 tam
588 1206 676 1271 saepe
698 1187 819 1252 easdem
835 1188 1075 1272 significationes
1088 1189 1263 1272 praebentia

143 1294 317 1379 frequentia
340 1294 470 1360 minima
491 1313 652 1378 possumus
672 1294 850 1373 diiudicare,
873 1297 977 1360 atrum
999 1293 1123 1361 libellus
1144 1314 1163 1361 a
1186 1294 1262 1360 Plu·

142 1403 251 1468 tarcho
275 1401 406 1485 scriptus
428 1400 470 1467 sit
492 1421 595 1467 necne.
633 1400 857 1485 cuiuscumque
880 1404 983 1466 antem
1007 1404 1057 1480 ait,
1081 1402 1147 1467 aine
1170 1401 1262 1467 dnbio

143 1526 217 1574 eum
247 1508 348 1574 nullas
377 1508 545 1573 sententies
574 1508 731 1591 scriptoris
759 1508 922 1573 materiam
952 1527 988 1574 ex
1018 1508 1111 1574 variis
1140 1508 1263 1591 scriptis

142 1613 337 1697 congerantia
359 1615 493 1698 prolerre
516 1614 698 1697 Roesigerua
712 1616 737 1698 ¹)
764 1614 907 1680 ostendit.
953 1613 1011 1682 Sei
1040 1614 1202 1691 miramur,
1230 1616 1263 1681 at

142 1720 342 1804 Roesigerum
372 1723 404 1786 et
432 1721 608 1804 Patuigium
630 1720 870 1805 Wyttenhachio
883 1722 910 1805 ²)
938 1719 1096 1800 assentiri,
1120 1721 1261 1786 libellum

142 1845 208 1893 aare
219 1826 379 1892 immaturi
390 1826 604 1906 adulescentis,
616 1831 784 1910 quocontra
789 1826 877 1893 nobis
884 1826 1095 1894 Volkmannna
1108 1828 1134 1911 ⁸)
1146 1829 1260 1893 rectam

141 1933 327 2000 sententiam
350 1934 504 2018 aperuisse
527 1933 657 1999 videtur.

215 2041 353 2125 Denique
376 2040 524 2106 accedunt
546 2039 607 2105 loci
629 2039 681 2105 hi:
704 2040 742 2105 de
763 2041 852 2107 Rom.
877 2040 948 2105 fort.
974 2049 1011 2105 1:
1034 2044 1264 2128 κατηγορεῖται

147 2146 225 2234 τύχη
255 2136 286 2212 δ’
318 2147 362 2226 ὡς
391 2144 548 2231 ἀβέβαιον
574 2144 634 2229 μὲν
662 2145 792 2231 ἀγαθὸν
823 2143 869 2211 δι’.
900 2184 943 2193 -
981 2147 1040 2234 τὴν
1073 2134 1106 2212 δ’
1144 2148 1263 2236 (τύχην)

143 2251 272 2319 ἄπιστα
296 2253 488 2342 δωρεῖσθαι.
533 2252 707 2320 Consolatio
734 2252 936 2327 eduxeram,
968 2260 1006 2317 9:
1035 2252 1085 2318 ὅτι
1115 2251 1174 2336 μὲν
1202 2254 1263 2341 γὰρ

143 2358 181 2439 ἐξ
213 2357 322 2447 ὀρθῶν
349 2359 572 2446 ἐπιλογισμῶν
601 2356 648 2439 εἰς
683 2357 829 2447 εὐσταθῆ
863 2358 1015 2424 διάθεσιν
1046 2359 1263 2426 τολεοτώατων

141 2464 281 2556 ἤρτηται
303 2468 341 2534 τὸ
363 2465 533 2554 μακάριον,
557 2463 592 2533 αἱ
616 2456 650 2532 δ’
676 2464 746 2531 ἀπὸ
768 2478 826 2554 της
848 2465 943 2553 τύχης
972 2464 1096 2552 τροπαὶ
1118 2465 1264 2551 μεγάλας

142 2569 337 2651 ἀποκλίσεις
358 2572 396 2641 ού
418 2585 577 2654 ποιοῦσιν,
602 2562 673 2640 οὐδ’
700 2570 895 2661 ἐπιφέρουσι
911 2573 1101 2655 συντοχικὰς
1124 2571 1263 2661 ὀλισθή-

141 2699 213 2756 σιις
235 2690 292 2745 τοῦ
313 2677 395 2765 βίου,
418 2681 581 2759 πολλάκις
603 2679 755 2768 ἀκήκοας.

212 2786 250 2852 V.
285 2785 400 2866 Quinto
428 2790 518 2872 tycho
548 2788 711 2853 salutarem
741 2786 966 2870 propitiumque
996 2786 1074 2864 vim,
1108 2785 1263 2852 fortunam

142 2892 256 2958 honam
280 2893 456 2960 hominibus
477 2895 630 2960 foventem
659 2892 830 2978 significat,
859 2910 936 2977 quae
963 2892 1147 2977 significatio
1176 2892 1264 2958 nohis

145 3000 242 3066 variis
265 3000 455 3067 versionibus
477 3001 567 3067 obvia
589 3003 645 3066 eat.
684 3001 828 3078 Periclea,
853 3008 891 3065 2:
915 3011 979 3065 τοι
993 2998 1052 3082 μὲν
1072 3000 1132 3086 γὰρ
1155 2996 1192 3064 ἐκ
1206 3009 1264 3087 της

144 3107 240 3196 τύχης
274 3105 411 3194 ἀγαθῶν
443 3109 504 3186 τὰς
537 3107 664 3195 κτήσεις
697 3105 754 3172 καὶ
782 3105 996 3186 ἀπολαύσεις,
1031 3117 1096 3170 τῶν
1130 3093 1163 3170 δ’
1195 3093 1260 3169 ἀπ’

143 3211 262 3301 ἀρετῆς
286 3215 345 3291 τὰς
375 3213 514 3300 πράξεις
543 3214 729 3300 ἀγαπῶμαι
775 3213 960 3278 Plutarchus
988 3211 1093 3295 paucis
1121 3211 1263 3290 brevitor,

145 3320 198 3385 sad
222 3320 357 3386 dilucide
380 3321 529 3397 ostendit,
560 3324 709 3405 qnantum
739 3321 882 3385 differant
905 3319 1040 3384 interae
1064 3317 1156 3393 hona,
1187 3335 1264 3399 quae

147 3426 268 3493 fortune
291 3428 379 3494 nohis
394 3428 547 3510 praebeat,
571 3445 673 3511 eaque,
697 3446 773 3511 quae
789 3430 891 3492 nostra
909 3426 1023 3491 virtute
1047 3443 1082 3488 ao
1104 3424 1265 3507 prudentia

149 3532 236 3598 nobis
258 3534 457 3619 colligamus3
480 3555 552 3600 nam
569 3534 634 3599 illis
657 3532 853 3609 delectamur,
877 3532 955 3615 quod
970 3531 1102 3596 fruimur
1117 3530 1166 3608 iis,
1189 3532 1264 3597 haec

150 3642 252 3705 autem
281 3642 443 3725 praecipue
473 3641 620 3725 gaudium
651 3640 739 3706 nohis
767 3640 912 3715 afferant,
941 3637 1020 3722 quod
1050 3638 1151 3703 labore
1181 3657 1264 3703 oom-

147 3747 280 3829 paranda
294 3753 368 3815 sunt
380 3753 412 3814 et
427 3748 472 3814 ita
487 3747 621 3813 officium
638 3745 780 3812 intuendi
795 3745 931 3811 studium
943 3746 1078 3811 excitent
1093 3746 1264 3827 bonamque

145 3944 272 4013 parvenit,
292 3961 369 4014 qnam
388 3945 415 3998 in
434 3944 566 4019 plerisque
580 3944 636 3997 eina
649 3942 755 4013 scriptia
767 3942 894 3995 miramur
908 3943 938 3995 et
949 3940 1033 3994 multo
1045 3939 1129 4010 pluria
1143 3939 1264 3991 aestima·

145 4049 243 4096 ramus,
259 4034 310 4087 nisi
324 4050 382 4088 cnm
396 4034 533 4088 verborum
546 4032 671 4087 laevitate
685 4031 789 4102 saepius
802 4031 941 4084 coniuncte
954 4031 1025 4084 esset
1038 4044 1123 4081 rerum
1137 4026 1263 4081 levitaa“.

219 4123 247 4188 1)
264 4122 282 4177 l.
301 4141 332 4190 c,
350 4141 376 4194 p.
396 4123 477 4193 12aq.

219 4213 247 4277 2)
266 4210 509 4266 Animadversiones
527 4213 554 4265 in
572 4208 710 4264 Plutarchi
728 4225 806 4279 opera
823 4208 933 4262 moralia
950 4204 988 4273 Π,
1006 4206 1050 4259 27.

219 4302 247 4367 3)
265 4301 283 4355 l.
302 4318 323 4356 c.
342 4301 365 4368 Ι,
385 4300 445 4355 145.
