3084 4834
644 376 706 384 mmm·
709 376 719 384 u
722 376 804 384 ..mn-mn.

159 492 196 549 4:
221 481 323 559 οὕτως
346 482 365 568 ἡ
392 479 476 569 Τύχη
499 478 729 545 καταλιποῦσα
753 476 886 565 Πέρσας
908 475 966 542 καὶ
987 467 1176 562 Ἀσσυρίους
1198 481 1280 541 Μα-

161 584 309 656 κεδονίαν
330 585 390 669 μὲν
404 584 533 675 ἐλαφρὰ
553 582 681 673 διέπτη.
721 591 758 651 5:
782 582 866 648 ἀλλὰ
888 583 930 648 τά
953 606 987 669 γε
1008 595 1066 671 της
1085 581 1187 671 Τύχης
1210 578 1281 668 ἱερὰ

158 695 299 780 λαμπρὰ
322 691 379 759 καί
409 689 550 758 παλαιά.
575 730 617 739 -
645 691 748 779 Τύχης
771 686 864 777 ἱερόν.
890 726 931 738 -
955 690 993 756 τὸ
1025 689 1061 756 δὲ
1089 702 1146 767 τῆς
1169 712 1280 773 γυναι·

85 868 90 873 ,
160 798 253 880 κείας
279 800 381 889 Τύχης
409 797 696 867 κατεσκευάσαντο.
720 834 762 845 -
786 798 824 863 τὸ
853 795 985 881 ύγαλμιι
1014 808 1072 885 της
1102 796 1213 885 Τύχης.
1236 833 1281 846 -

157 909 218 996 την
242 905 279 974 δὲ
308 908 392 993 πρὸς
414 905 463 991 τῷ
485 902 628 991 ποταμῷ
655 904 757 992 Τύχην
786 902 933 992 ,φόρτινί
957 902 1118 969 καλοῦσιν.
1166 913 1201 970 6:
1224 903 1282 990 τὴν

165 1014 270 1103 Τύχην
292 1011 381 1100 αὕτη)
403 1011 572 1095 συμπλεῖν.
618 1020 655 1077 8:
685 1009 780 1076 rocco
807 1032 865 1093 μοι
896 1009 985 1075 δοκεῖ
1013 1010 1098 1097 πρὸς
1126 1010 1184 1098 την
1203 998 1280 1075 ‘Pro-

159 1121 263 1204 μύλου
283 1108 417 1206 Ἀρετὴν
439 1118 458 1206 η
478 1118 562 1205 Τύχη
585 1114 695 1202 λέγειν.
737 1124 794 1183 1οε
816 1116 874 1204 τὴν
895 1114 933 1181 δὲ
952 1116 1053 1204 Τύχην
1075 1113 1132 1181 καί
1155 1111 1187 1181 ολ
1209 1104 1278 1199 μετ’

160 1225 282 1293 ἐκεῖνον
305 1223 499 1308 ἐθαύμασαν
517 1223 673 1307 βασιλεῖς.
697 1259 739 1270 -
762 1221 805 1287 τοί
828 1245 864 1308 γε
885 1233 943 1310 της
969 1221 1071 1310 Τύχης
1094 1218 1164 1308 ἱερὰ
1187 1221 1281 1304 ποίμ-

160 1331 273 1398 πολλοι
302 1330 359 1397 καὶ
390 1330 521 1395 παλαιὰ
550 1328 608 1395 καί
639 1327 788 1417 λαμπροί.
819 1365 861 1376 -
890 1328 929 1394 τὸ
957 1325 1017 1411 μὲν
1046 1340 1103 1417 της
1132 1325 1281 1414 ἀνδρείας

166 1439 268 1528 Τύχης
292 1435 375 1525 ίερύν
391 1440 424 1519 ¹).
449 1474 490 1484 -
514 1437 552 1503 τὸ
575 1434 612 1502 δὲ
633 1448 690 1524 της
712 1431 897 1521 γυναικείας
919 1434 1062 1522 (Τύχης).
1077 1474 1121 1484 -
1141 1439 1281 1502 συνεῖναι

160 1544 331 1634 αὐτῷτὴν
358 1545 469 1633 Τύχην.
494 1580 535 1591 -
563 1544 665 1631 Τύχης
697 1538 789 1628 ἱερόν.
813 1580 856 1590 -
880 1538 968 1620 ἰδίας
995 1542 1098 1630 Τύχης
1121 1537 1213 1629 ἱερόν.
1238 1579 1279 1590 -

161 1655 199 1719 τὸ
229 1650 267 1718 δὲ
294 1664 351 1740 της
379 1647 542 1736 ἰξευτρίας
564 1650 706 1737 (Τύχης).
732 1686 774 1697 -
797 1646 968 1735 παρθένου
993 1650 1093 1737 Τύχης
1116 1645 1281 1735 ἱερὸνκαὶ

160 1756 447 1846 ἐπιστρεφομένης.
478 1795 520 1803 -
555 1755 657 1845 Τύχης
692 1756 803 1839 βωμὸς
831 1754 1001 1832 εὐέλπιδος
1014 1758 1049 1838 ²).
1080 1793 1123 1804 -
1152 1754 1281 1842 ύρρενος

165 1865 268 1953 Τύχης
291 1862 372 1942 ἕδος.
398 1900 438 1910 -
462 1860 561 1927 ύίλλαι
591 1860 629 1927 τὲ
653 1861 768 1950 μύριαι
802 1863 904 1949 Τύχης
933 1858 1029 1945 τιμαί
1042 1863 1079 1948 3).
1125 1862 1162 1927 de
1193 1863 1280 1929 Alex.

159 1972 231 2038 fort.
255 1972 288 2049 I,
314 1982 349 2036 1:
379 1963 471 2047 οὗτος
494 1967 512 2034 ὁ
535 1980 593 2056 της
619 1968 720 2056 Τύχης
742 1967 837 2053 λόγος
859 1964 962 2048 ἐστίν,
993 1963 1078 2033 ἴδιον
1100 1967 1158 2033 καὶ
1180 1969 1280 2058 μόνης

159 2078 262 2165 αὐτῆς
284 2073 377 2165 ἔργον
399 2073 663 2163 ἀποφαινομένης
677 2063 899 2161 Ἀλέξανδρον.
939 2083 975 2139 2:
997 2071 1101 2141 εἰπεῖν
1118 2075 1202 2162 πρὸς
1224 2077 1281 2163 την

166 2184 277 2272 Τύχην.
325 2192 384 2250 13:
411 2182 513 2269 Τύχης
535 2178 637 2267 μέγαν
659 2180 767 2266 ἀγῶνα
790 2180 848 2246 καὶ
867 2169 1010 2269 Ἀρετῆς.

228 2291 270 2357 ΙΙ.
304 2288 441 2356 Secundo
463 2290 554 2372 tyche
576 2287 641 2353 vim
663 2288 728 2354 sola
750 2291 853 2353 mente
868 2286 1094 2370 percipiendam
1117 2287 1279 2372 significat,

159 2416 240 2481 quae
256 2396 431 2461 hominihus
454 2398 487 2460 et
509 2393 630 2477 populis
653 2394 718 2460 fata
741 2398 895 2477 sortesque
910 2395 997 2477 quasi
1015 2394 1165 2460 divinitus
1180 2395 1229 2460 vel
1244 2399 1280 2462 ut

160 2503 302 2569 diuinum
325 2502 448 2586 aliquod
470 2521 584 2567 numen
606 2501 821 2583 praedestinat.
867 2500 962 2583 Saepe
984 2500 1105 2566 fortuna
1126 2501 1220 2567 etiam
1244 2506 1280 2568 ut

161 2608 269 2688 ultrix,
292 2627 368 2692 quae
386 2608 531 2674 iniuriam
547 2608 641 2674 alicui
664 2607 786 2673 illatam
800 2626 906 2673 sanare
920 2626 957 2672 ac
971 2626 1095 2690 pensare
1111 2607 1280 2690 improbos·

158 2735 220 2801 que
255 2716 363 2797 punire
392 2713 512 2794 studet,
542 2713 728 2797 producitur.
783 2714 981 2792 Plutarchus,
1011 2733 1082 2779 cum
1110 2714 1279 2780 Camillum

160 2822 294 2891 iniuriae
324 2821 385 2886 sihi
413 2820 518 2886 illatae
548 2839 638 2887 musa
665 2822 796 2888 Romam
825 2820 986 2902 reliquisse
1014 2821 1135 2898 narrat,
1167 2822 1278 2905 tychen

160 2948 225 2994 rem
257 2929 414 3011 gerentem
442 2926 698 3010 vehementerque
728 2930 872 3010 agentem
901 2926 986 2991 facit.
1031 2926 1194 3006 Camillus,
1221 2938 1278 2995 13:

160 3034 304 3121 τοσαύτη
334 3032 495 3122 περιῆλθε
523 3034 580 3121 τὴν
604 3021 727 3121 Ῥώμην
754 3030 894 3117 νέμεσις,
923 3031 982 3100 καί
1010 3044 1163 3101 τοσοῦτον
1193 3033 1278 3121 ἅγων

167 3296 178 3305 ·‹
233 3265 262 3330 1)
279 3263 331 3318 Hic
348 3280 365 3317 a
382 3264 524 3319 Plutarcho
541 3263 717 3318 Romanorum
737 3264 866 3331 „fortuna
882 3265 980 3319 fortis“
999 3265 1064 3319 falso
1078 3281 1157 3318 sensu
1170 3281 1278 3319 comme·

162 3356 288 3420 moratur,
308 3370 367 3406 cum
385 3353 539 3407 vocabulum
558 3353 677 3420 „fortis“
697 3355 729 3407 ut
746 3354 902 3407 adiectivum
921 3353 1031 3424 accipiat
1044 3356 1073 3407 et
1090 3354 1156 3408 falso
1175 3355 1278 3422 „fortu-

163 3459 223 3496 nam
241 3442 341 3496 fortis“
360 3441 389 3496 in
408 3445 493 3513 τύχην
511 3442 643 3518 &adpetes
660 3444 754 3497 mutet.
782 3442 833 3496 Sed
852 3446 913 3496 ante
932 3442 1103 3496 Plutarchum
1115 3443 1167 3496 iam
1181 3443 1278 3513 Diony·

161 3531 217 3585 sius
241 3530 482 3585 Halicarnassensis
504 3529 533 3584 in
555 3530 626 3585 hunc
649 3548 763 3585 errorem
788 3531 924 3585 inciderat.
967 3531 1014 3585 IV.
1033 3532 1083 3586 27:
1102 3543 1188 3586 ταῦτα
1214 3534 1277 3588 daa-

164 3624 341 3695 πραξάμενος
360 3621 390 3674 ἐν
408 3622 498 3692 εἰρήνη
517 3639 545 3675 τε
563 3622 697 3674 καὶκατὰ
717 3623 856 3694 πολέμους
878 3625 925 3674 καὶ
949 3622 1033 3681 ναοὺς
1056 3621 1109 3675 δύο
1126 3641 1276 3677 κατασκευ-

163 3711 300 3781 ασάμενος
323 3711 420 3778 Τύχης,
439 3696 456 3782 ᾗ
474 3709 551 3781 παρὰ
569 3711 663 3763 πάντα
681 3710 729 3763 τὸν
746 3713 809 3776 βίον
826 3708 921 3771 ἔδοξεν
940 3710 1034 3782 ἀγαθῇ
1053 3718 1211 3783 κεχρῆσθαι,
1229 3715 1277 3765 τὸν

158 3798 213 3870 μὲν
231 3799 261 3852 ἐν
278 3799 369 3869 ἀγορᾷ
387 3799 420 3870 τῇ
437 3799 591 3871 καλουμένη
609 3802 733 3870 Βοαρίᾳ,
759 3799 808 3852 τὸν
826 3791 857 3851 δ’
881 3798 974 3870 ἕτερον
991 3800 1038 3852 ἰπὶ
1056 3805 1117 3860 ταῖς
1135 3800 1208 3866 ἠιόσι
1227 3809 1277 3854 τοῦ

164 3889 295 3957 Τεβέριος,
314 3885 347 3952 ἣν
359 3885 490 3960 ἀνδρείαν
504 3888 726 3957 προςηγόρευσεν,
745 3888 781 3947 ὡς
798 3890 844 3940 κοιλ
858 3896 908 3939 νῦν
924 3889 977 3941 ὑπὸ
989 3882 1131 3961 Ῥωμαίων
1144 3890 1274 3942 καλεῖται.

157 3972 198 4028 cf.
217 3973 246 4026 L.
265 3972 287 4025 Ρ
293 3972 412 4040 reller,
430 3973 565 4042 Regionen
583 3973 629 4027 der
648 3972 728 4028 Stadt
745 3973 820 4041 Rom,
839 3992 864 4044 p.
882 3975 944 4030 216.

231 4061 259 4127 2)
277 4060 314 4115 Cf.
332 4060 423 4129 Birt,
442 4061 556 4132 Elpides,
575 4079 600 4132 p.
621 4064 662 4116 15.
682 4063 742 4117 125.
813 4107 815 4109 >

230 4150 259 4216 3)
277 4149 364 4204 Multa
381 4151 511 4205 variorum
529 4150 660 4206 Romanae
678 4151 810 4206 Fortunae
833 4168 957 4220 generum
977 4152 1074 4222 templa
1092 4157 1276 4206 commemorat

157 4239 318 4309 Plutarchus
341 4239 421 4293 etiam
445 4239 472 4294 in
496 4238 698 4304 Quaestionibus
721 4240 862 4307 Romanis,
886 4242 933 4308 74,
958 4240 1003 4294 ubi
1030 4240 1112 4295 Servii
1137 4241 1275 4296 historiam

156 4331 273 4382 enarrat.

1045 4420 1061 4472 3
