3084 4834
158 456 220 542 χάρ
251 451 280 521 εἰ
309 454 366 519 διὰ
388 454 483 543 τύχην
506 453 608 540 μέγας
631 454 751 542 γέγονε,
782 453 899 539 μείζων
922 453 1024 537 ἐστίν,
1053 456 1104 523 ὅτι
1133 457 1174 545 τῇ
1202 460 1278 547 τύχη

157 562 268 639 καλῶς
298 559 467 649 κέχρηται.
497 560 554 627 καὶ
584 562 649 649 δσηι
679 562 730 641 τίς
759 562 798 628 ἀν
825 562 949 645 μᾶλλον
977 561 1076 628 αὐτοῦ
1105 565 1162 652 τὴν
1184 564 1279 654 τύχην

156 666 295 756 ἐπαινῇ,
322 666 465 754 τοσούτῳ
487 668 611 751 μᾶλλον
633 666 721 748 αύξει
744 671 801 757 τὴν
823 669 949 756 ἀρετὴν,
973 659 1018 734 δι’
1046 667 1084 757 ἢν
1107 668 1199 748 ἀξιος
1221 682 1279 759 της

155 774 252 863 τύχης
283 771 415 859 ἐγένετο.
462 774 662 840 Memorabile
692 778 739 842 est
767 776 970 841 Plutarchum
1000 795 1122 841 censere
1154 777 1277 842 fortuna

155 881 309 964 sapienter
332 881 381 946 uti
404 881 467 945 iam
489 881 613 945 laudem
636 901 709 959 esse,
733 880 785 946 sed
802 882 948 947 virtutem
972 882 1097 946 demum
1121 882 1278 947 hominem

156 987 285 1070 dignum
314 979 413 1052 faeere
442 986 565 1052 fortuna
594 987 735 1065 fruendo;
764 988 831 1052 sine
861 988 977 1053 virtute
1006 988 1091 1053 nullo
1123 987 1213 1053 modo
1244 1008 1279 1054 ea

156 1093 311 1176 sapienter
334 1094 382 1158 uti
405 1094 492 1158 seire.
540 1103 578 1158 8:
609 1092 641 1158 τὶ
664 1095 703 1159 τὸ
725 1105 783 1181 της
805 1094 900 1182 τύχης
928 1089 1028 1180 ἐρχον.
1054 1132 1095 1141 -
1124 1093 1191 1159 ὑπὸ
1219 1105 1277 1181 της

156 1201 262 1287 τύχης.
295 1235 339 1246 -
371 1199 427 1264 διὰ
456 1200 560 1288 τύχην.
613 1210 646 1267 9:
678 1201 761 1287 πρὸς
790 1202 848 1288 τὴν
876 1200 979 1287 τύχην.
1028 1209 1085 1266 10:
1115 1198 1278 1289 βαρυτέρᾳ

157 1291 338 1393 κεχρῆσθαι
361 1306 446 1394 τύχη.
473 1344 515 1354 —
537 1306 621 1391 πρὸς
644 1307 700 1394 τὴν
722 1306 826 1395 τύχην.
875 1317 933 1372 11:
957 1307 1013 1372 διὰ
1034 1307 1092 1393 τὴν
1115 1307 1218 1395 τύχην.
1235 1344 1280 1354 -

159 1409 308 1478 ἐνίστατο
338 1402 369 1476 δ’
402 1412 422 1500 ἡ
450 1412 537 1499 τύχη.
593 1422 649 1479 13:
679 1412 735 1477 διά
762 1413 866 1500 τέχην,
894 1449 938 1459 -
967 1412 1034 1478 ὑπὸ
1062 1412 1165 1501 τύχης.
1193 1451 1233 1460 -
1259 1414 1279 1501 ἡ

158 1517 235 1605 τύχη
257 1517 384 1603 μεγάλα
414 1515 472 1582 καὶ
495 1518 633 1605 λαμπρά
656 1514 804 1606 διέφηνεν
832 1513 920 1605 έρχα.
943 1555 986 1565 -
1010 1517 1077 1583 ὑπὸ
1105 1529 1161 1605 της
1184 1519 1279 1607 τύχης

158 1623 409 1713 φυλαττόμενος.
441 1660 484 1670 -
515 1635 574 1712 της
602 1622 639 1689 δέ
672 1633 725 1688 νῦν
755 1621 983 1712 ἐξεταζομένης
1015 1622 1110 1711 τύχης
1140 1614 1207 1690 οἷον
1240 1626 1280 1691 τδ

158 1727 260 1819 ἔργον.
285 1767 329 1777 -
351 1729 408 1794 διά
436 1729 541 1818 τύχην.
564 1766 607 1776 -
631 1725 748 1818 έθηκεν
777 1731 798 1816 ἡ
824 1731 910 1819 τύχη.
957 1729 1079 1811 Quaest.
1103 1731 1192 1797 Rom.
1218 1740 1278 1796 74:

160 1836 300 1922 πάτερον
332 1835 383 1901 ὅτι
405 1836 523 1923 μικρδς
550 1836 596 1900 ὢν
625 1835 659 1902 ἐν
682 1834 763 1925 ἀρχῇ
794 1835 850 1901 καί
880 1836 1022 1901 ταπεινὰ
1045 1835 1279 1922 πράττωνκαὶ

160 1943 297 2029 γεγονὼς
320 1941 356 2007 ἐκ
378 1943 501 2031 μητρὸς
516 1938 723 2025 αἰχμαλώτου
747 1942 803 2007 διὰ
826 1942 883 2029 τὴν
905 1941 999 2029 τύχην
1014 1937 1201 2025 ἐβασίλευσε
1223 1954 1280 2030 της

156 2040 294 2136 Ῥώμης·
329 2048 350 2137 ἢ
380 2049 460 2135 asae
489 2046 549 2132 μέν
577 2048 597 2136 ἡ
624 2049 789 2135 μεταβολὴ
823 2046 964 2133 μέγεθος
1000 2044 1150 2135 ἐμφαίνει
1183 2048 1279 2138 τύχης

158 2156 282 2240 μᾶλλον
304 2155 324 2243 ἢ
346 2153 536 2242 μικρότητα,
559 2153 691 2219 πάντων
714 2151 750 2219 δέ
771 2152 918 2236 μάλιστα
943 2154 1092 2240 Σερούιος
1114 2149 1200 2218 ἐοικε
1221 2156 1279 2242 τὴν

160 2274 218 2349 της
240 2260 335 2349 τύχης
357 2259 538 2337 ἐκθειάσας
552 2259 686 2342 δύναμιν
710 2256 914 2347 ἐπιφημίσαι
938 2258 1096 2346 πράξεσιν
1111 2259 1276 2342 ἀπάσαις,·

159 2368 198 2433 δε
232 2387 264 2432 se
298 2367 399 2450 ipsum
429 2366 508 2432 eitra
543 2365 692 2431 invidiam
722 2364 889 2443 laudando,
924 2376 981 2431 11:
1011 2366 1050 2430 τδ
1072 2363 1131 2448 μέν
1154 2362 1200 2443 είς
1222 2368 1279 2455 τὴν

158 2472 270 2561 τύχην,
299 2473 337 2537 τὸ
360 2461 392 2537 δ’
424 2468 471 2549 εἰς
499 2473 557 2537 τδν
587 2472 666 2537 θεὸν
688 2467 928 2537 ἀποτίθεσθαι.
975 2470 1042 2551 Quo
1072 2471 1137 2536 loeo
1167 2472 1278 2557 tyohen

157 2577 290 2644 liberam
319 2580 410 2661 atque
439 2578 572 2643 solutam
601 2581 722 2659 praeter
751 2578 843 2642 deum
879 2579 916 2641 ut
945 2577 1179 2659 impersonalem
1215 2573 1279 2644 vim

159 2682 311 2748 dominari
340 2683 521 2750 ostenditur.
570 2695 626 2749 11:
649 2683 699 2749 ἀεὶ
729 2684 786 2771 τὴν
813 2683 909 2771 τύχην
938 2682 1091 2749 ἐπαινῶν.
1140 2693 1194 2748 12:
1221 2682 1279 2750 καί

157 2801 217 2876 τῆς
239 2790 333 2877 τύχης
355 2784 425 2855 ἐνια
449 2790 581 2873 μᾶλλον,
604 2790 624 2878 ἢ
646 2801 703 2878 της
725 2789 848 2877 ἀρετῆς,
873 2787 1016 2873 ἐγκώμια
1040 2787 1201 2874 λέγοντας.

229 2895 280 2960 Vl.
309 2897 466 2961 Postremo
489 2896 579 2980 tyohe
594 2895 747 2961 funestam
762 2897 855 2976 atque
874 2895 1011 2978 iniquam
1028 2896 1102 2975 vim,
1125 2896 1278 2961 fortunam

158 3001 273 3067 malam
305 3001 481 3067 hominibus
510 3002 665 3067 adversam
697 3000 860 3085 signifieat.
907 3001 1083 3079 Timoleon,
1116 3012 1173 3067 14:
1202 2990 1275 3066 ἀλλ’

159 3109 195 3175 οἵ
214 3132 250 3174 τε
269 3105 435 3195 χαίροντες
457 3106 516 3173 ἐπὶ
538 3110 614 3185 ταῖς
635 3110 822 3196 συμφοραῖς
850 3107 906 3172 διά
928 3110 1025 3188 μῖσος
1047 3105 1181 3191 ἀσμενοι
1203 3129 1278 3172 συν-

158 3214 263 3302 ῆλθον
285 3205 353 3280 οἷον
376 3212 538 3301 ἐρριμένον
563 3213 630 3279 ὑπὸ
651 3225 709 3302 της
730 3213 826 3301 τύχης
847 3212 1057 3301 πατήσοντες,
1080 3214 1171 3278 οἵτε
1193 3214 1278 3301 πρὸς

159 3320 217 3407 την
238 3319 419 3408 μεταβολὴν
440 3319 632 3407 τρεπόμενοι
654 3317 712 3385 καί
728 3325 980 3402 συμπαθοῦντες
995 3317 1136 3384 ἐθεῶντο
1151 3318 1277 3407 πολλὴν

160 3423 193 3491 έν
216 3424 369 3491 ἀσθενέσι
391 3428 462 3503 τοῖς
477 3423 701 3513 ἀνθρωπίνοις
724 3424 781 3490 καὶ
796 3423 973 3512 προδήλοις
996 3426 1053 3512 τὴν
1073 3437 1139 3490 τῶν
1153 3424 1280 3514 ἀδήλων

161 3527 274 3597 αἰτιῶν
296 3529 354 3597 καὶ
376 3528 479 3597 θείων
507 3532 650 3615 δύναμιν.
696 3530 763 3612 Quo
794 3531 860 3595 looo
888 3530 962 3595 forti
991 3530 1130 3596 fortunae
1154 3531 1280 3614 iniquae

161 3638 281 3722 sapiens
307 3641 339 3703 et
369 3638 584 3721 inexplicabile
614 3638 739 3702 deornm
769 3636 932 3702 eonsilium
962 3637 1073 3702 aeriter
1108 3639 1279 3722 oppositum

161 3746 216 3808 est.
262 3744 329 3809 Eoo
351 3744 436 3812 aliud
459 3763 578 3827 quoque
601 3743 752 3826 expromit
775 3742 976 3821 Plutarchus,
999 3744 1127 3828 tyehen,
1158 3744 1280 3809 etiamsi

158 3868 214 3915 nos
236 3848 425 3932 gravissimis
448 3851 568 3916 ossibus
596 3851 683 3934 petat
711 3851 885 3931 tentetque,
913 3851 1017 3914 tamen
1040 3848 1279 3914 misericordiam

161 3953 291 4021 aliorum
314 3974 482 4040 numquam
506 3956 621 4040 eripere
644 3974 729 4039 posse
758 3955 848 4020 nobis
875 3955 965 4020 rebus
987 3955 1121 4021 adversis
1143 3954 1278 4020 afflictis.

158 4059 314 4126 Aemilius
340 4063 466 4143 Paulus,
491 4071 549 4129 26:
579 4058 728 4128 ἐπίστευε
749 4059 809 4144 μέν
832 4057 887 4126 οὖν
907 4060 1052 4144 μάλιστα
1074 4058 1122 4146 τῷ
1146 4058 1279 4148 Νασικᾷ

158 4165 306 4233 κάκεῖνον
328 4165 453 4234 ἐκάλει·
475 4170 520 4256 μὴ
544 4167 708 4253 παρόντος
727 4165 764 4233 δὲ
779 4166 1009 4244 κατακλαύσας
1031 4167 1088 4254 τὴν
1106 4166 1200 4254 τύχην
1222 4162 1280 4231 καί

158 4274 217 4361 τὴν
252 4271 390 4361 ἀνάχτην
421 4272 702 4363 περισκεψάμενος
735 4269 854 4338 ἐδωκεν
884 4272 980 4338 αὑτὸν
1010 4267 1195 4358 ὑποχείριον
1231 4270 1280 4358 τῷ

1027 4376 1066 4430 4*
