3084 4834
122 430 232 496 ὁτιοῦν
254 428 416 518 φαίνεται.
464 432 531 498 Pol.
553 433 579 498 Ι.
605 441 640 497 2:
668 431 705 498 ἐκ
727 433 849 499 τούτων
871 430 926 500 οὐν
944 436 1082 522 φανερόν
1104 435 1156 501 ὁτι
1181 449 1247 500 τῶν

121 537 220 625 φύσει
243 537 263 624 ἡ
285 537 383 615 πόλις
398 534 478 618 ἐστι’,
501 537 558 604 καί
582 539 634 604 ὁτι
649 538 828 628 άνθροιπος
850 540 945 628 φύσει
964 541 1137 607 πολιτικὸν
1152 540 1245 627 ζηῖον,

124 641 184 709 καὶ
206 643 224 709 ὁ
247 641 368 722 άπολις
390 644 447 709 διά
470 644 567 732 φύσιν
589 644 647 710 καί
670 644 707 711 οὐ
729 646 785 711 διὰ
801 646 896 734 τύχην
918 645 990 735 λ’γτοι
1006 648 1132 735 φαῦλός
1154 647 1243 713 ἐστιν

123 751 146 838 ἢ
168 746 322 837 κρείττων
345 752 365 839 ἢ
387 750 577 838 ἄνθρωπος.

193 857 321 922 Leontio
350 856 420 923 ἀπὸ
441 857 536 946 τύχης
565 858 728 940 opponitur
760 857 910 924 locutioni
940 858 975 938 ἐξ
1005 859 1155 948 ἀνάγκης.
1203 861 1248 924 De

126 962 287 1044 interpret.
320 972 357 1028 9:
391 961 484 1028 οὐδέν
512 962 576 1051 άρα
605 961 676 1029 οὐτε
704 959 794 1029 ἐστιν
824 963 896 1030 οὐτε
925 962 1047 1049 γίνεται
1076 964 1149 1031 οὐτε
1179 964 1247 1031 ἀπὸ

125 1068 221 1156 τύχης
248 1057 327 1134 oee'
359 1058 496 1157 ὁπότερ’
530 1066 650 1151 ἔτυχεν,
685 1067 759 1135 οὐδὲ
789 1066 899 1150 ἔσται,
934 1061 1010 1136 ἀλλ’
1044 1071 1080 1152 ἕξ
1108 1070 1249 1158 ἀνάγκης

122 1177 261 1240 ἅπαντα
284 1174 342 1240 καὶ
365 1174 421 1258 οὐχ
443 1164 579 1264 ὁπότερ>
605 1172 719 1256 έτοχεν.
765 1179 858 1242 Rhet.
882 1179 908 1245 Ι.
933 1188 990 1245 10:
1019 1192 1084 1243 τῶν
1113 1177 1172 1262 μέν
1196 1173 1250 1242 οὐν

124 1282 172 1369 μὴ
196 1270 244 1347 δι’
263 1283 379 1360 αὐτοὺς
395 1285 437 1348 τά
451 1282 512 1365 μέν
535 1283 591 1348 ὐιά
606 1282 700 1370 τύχην
716 1282 901 1370 πράττουσι
916 1286 958 1348 τά
981 1272 1015 1349 δ’
1040 1283 1076 1363 ἐξ
1100 1283 1248 1371 ἀνάγκης.

127 1389 174 1453 De
198 1388 357 1470 interpret.
388 1398 425 1455 9:
456 1387 547 1455 οὐδέν
575 1388 640 1477 άρα
663 1377 798 1476 ὁπότερ’
829 1385 934 1471 ἔτυχεν
962 1388 1037 1456 οὐδὲ
1064 1389 1133 1455 ἀπὸ
1155 1390 1251 1477 τύχης

124 1490 237 1561 ἔσται·
259 1490 288 1559 εἰ
310 1496 371 1583 γάρ
395 1495 465 1562 ἀπὸ
486 1496 590 1584 τύχης,
614 1494 673 1561 οὐκ
694 1494 731 1574 ἐξ
753 1495 901 1584 ἀνάγιης.

197 1602 360 1667 Praeterea
380 1603 543 1684 opponitur
562 1602 639 1690 τύχη
663 1606 695 1667 et
716 1600 908 1690 προαιρέσει
931 1605 963 1668 et
978 1601 1084 1690 ἀρετῇ.
1123 1600 1248 1685 Analyt.

129 1712 207 1790 post.
232 1708 271 1773 ΙΙ.
298 1718 354 1773 11:
377 1708 446 1775 ἀπὸ
468 1709 566 1796 τύχης
588 1706 680 1774 οὐδέν
695 1706 788 1773 ένεκά
810 1732 868 1775 τοο
884 1706 1015 1794 γίνεται.
1055 1709 1146 1775 Rhet.
1163 1710 1188 1774 Ι.
1214 1716 1251 1774 9:

128 1814 172 1878 τά
195 1816 426 1899 συμπτώματα
448 1814 506 1880 καὶ
528 1816 570 1881 τά
585 1814 654 1881 ἀπὸ
669 1816 764 1903 τύχης
787 1815 831 1892 ὡς
846 1814 880 1880 έν
894 1813 1084 1902 προαιρέσει
1099 1812 1251 1902 ληπτέον.

130 1921 253 2004 Frugm.
284 1929 344 1989 88:
373 1917 402 1988 εἰ
432 1917 519 1988 ἔστιν
548 1921 659 2010 ἀρετή,
695 1920 753 1988 οὐκ
783 1918 854 1987 έστι
883 1922 970 2010 τύχη.
1024 1922 1116 2005 PhyS.
1145 1921 1187 1984 ΙΙ.
1218 1929 1252 1986 6:

130 2027 261 2113 ὕστερον
284 2029 322 2095 τὸ
345 2027 528 2112 αὐτόματον
550 2026 608 2094 καὶ
631 2031 650 2116 ἡ
673 2028 750 2115 τύχη
772 2026 830 2093 καί
852 2038 908 2094 νοῦ
931 2026 989 2093 καί
1012 2028 1147 2116 φύσεως.

198 2132 380 2200 Aristoteles
396 2135 562 2218 distinguit
577 2134 672 2223 τύχην
687 2133 817 2222 ἀγαθήν
836 2134 874 2199 ab
887 2131 1023 2222 εὐτυχίη.
1054 2135 1145 2217 Phys.
1160 2133 1202 2197 H.
1216 2140 1250 2198 5:

128 2238 210 2326 τύχη
233 2238 343 2328 ἀγαθὴ
365 2239 425 2324 μέν
448 2240 590 2327 λέγεται,
614 2241 692 2306 ὁταν
716 2239 844 2326 ἀγαθόν
866 2264 899 2306 τι
922 2238 1051 2329 ἀποβῇ,
1074 2240 1183 2328 φαύλη
1206 2237 1252 2319 δὲ,

130 2345 212 2411 ὁταν
226 2347 351 2433 φαῦλόν
365 2372 408 2428 τι,
432 2345 560 2429 εὐτυχία
582 2346 691 2414 δὲκαὶ
706 2345 867 2429 ὐυςτοχία,
891 2347 970 2412 όταν
984 2345 1125 2432 μέγεθος
1139 2341 1252 2426 έχοντα

131 2462 246 2517 ταῦτα.
286 2455 456 2539 Μελορλιχε.
477 2456 514 2520 X.
540 2465 576 2522 8:
599 2454 711 2543 ἀγαύη
735 2455 812 2543 τύχη
835 2452 893 2520 καί
915 2455 999 2542 κακὴ
1023 2453 1102 2518 ὁταν
1125 2451 1253 2536 ἀγαθὸν

131 2558 153 2646 ἢ
182 2560 306 2647 φαῦλον
335 2560 456 2649 ἀποβῇ.
509 2559 637 2644 εὐτυχία
667 2561 704 2627 δὲ
733 2561 790 2627 καὶ
821 2556 974 2641 ἀυςτυχία
1004 2557 1082 2647 περὶ
1112 2556 1253 2642 μέγεθος

129 2666 265 2731 τούτων.

200 2771 387 2856 Angustiore
410 2794 499 2840 sensu
522 2776 598 2863 τύχη
614 2795 633 2840 a
648 2772 695 2861 τῷ
717 2772 892 2859 αὐτομάτην
910 2771 1122 2855 distinguitur.
1161 2770 1253 2853 Phys.

130 2879 174 2943 ΙΙ.
202 2886 238 2943 6:
261 2881 299 2946 τὸ
321 2880 390 2947 ἀπὸ
412 2881 507 2970 τύχης
527 2892 596 2946 πᾶν
618 2880 688 2946 ἀπὸ
710 2878 925 2962 ταύτομάτου,
950 2889 1045 2944 τοῦτο
1068 2866 1100 2942 δ’
1126 2875 1163 2942 οὐ
1185 2885 1255 2940 πᾶν

132 2983 204 3050 ἀπὸ
226 2986 329 3075 τύχης.
376 2990 395 3076 ἡ
422 2987 481 3072 μὲν
512 2990 572 3075 γάρ
601 2989 678 3076 τύχη
702 2986 820 3054 καὶτὸ
847 2985 916 3052 ἀπό
938 2984 1034 3072 τύχης
1056 2981 1144 3049 ἐστίν
1167 2982 1255 3059 ὅσοις

134 3090 193 3157 καί
217 3094 255 3158 τὸ
282 3092 453 3184 εὐτυχῆσαι
481 3097 519 3161 ἀν
541 3095 713 3181 ὑπάρξειεν
742 3092 800 3159 καὶ
829 3093 911 3171 ὅλως
941 3091 1071 3179 πρᾶξις.
1118 3090 1170 3155 διὸ
1197 3086 1255 3154 καὶ

133 3198 257 3288 ἀνάγκη
280 3200 423 3287 περὶτὰ
446 3204 581 3290 πρακτὰ
603 3194 687 3268 εἶναι
710 3203 767 3289 τὴν
785 3201 887 3289 τύχην.
913 3236 953 3246 -
990 3197 1023 3263 έν
1045 3200 1116 3273 τοῖς
1138 3194 1255 3272 ἁπλῶς

134 3303 227 3371 ἕνεκά
250 3331 307 3372 του
329 3306 523 3393 γινομένοις,
554 3309 633 3374 ὁταν
654 3309 700 3396 μη
723 3317 782 3373 τού
803 3304 986 3390 συμβάντος
1009 3301 1101 3369 ἕνεκα
1125 3301 1256 3389 γένηται

135 3407 178 3479 ού
197 3408 260 3492 ἔξω
283 3415 322 3480 τό
345 3409 461 3496 αἴτιον,
484 3415 557 3481 τότε
580 3414 649 3480 ἀπὸ
668 3412 874 3496 ταύτομάτου
897 3409 1045 3497 λέγομεν·
1069 3408 1138 3474 ἀπὸ
1160 3409 1257 3496 τύχης
1293 3464 1314 3477 .

133 3518 186 3600 δέ,
223 3522 345 3586 τούτων
374 3522 435 3587 ὁοα
471 3521 540 3587 ἀπὸ
569 3519 774 3605 ταύτομάτου
804 3516 926 3604 γίνεται
956 3530 1020 3581 τῶν
1050 3527 1257 3603 προαιρετάιν

134 3630 206 3705 τοῖς
229 3623 335 3708 έχουσι
358 3625 559 3716 προαίρεσιν.
1243 3629 1245 3631 ’

205 3734 390 3818 Plerumque
419 3733 571 3821 γίνεσθαι
599 3734 667 3800 ἀπὸ
695 3734 790 3821 τύχης
825 3732 954 3810 dieitur,
991 3733 1044 3797 sed
1075 3730 1171 3795 etiam
1200 3728 1256 3792 διὰ

135 3840 234 3928 τύχην
249 3845 280 3906 et
296 3844 382 3907 κατὰ
397 3842 500 3930 τύχην.
539 3842 611 3907 neh.
629 3841 698 3907 Nie.
715 3840 740 3905 Ι.
757 3849 794 3904 4;
818 3837 855 3904 οὐ
870 3839 931 3925 γάρ
952 3834 1037 3903 ἔοικε
1051 3840 1123 3913 τοῖς
1139 3858 1174 3920 γε
1188 3833 1258 3898 ἀπὸ

134 3948 233 4036 τύχης
248 3947 438 4032 ὁμωνύμοις.
479 3952 562 4014 Poet.
581 3959 616 4015 9:
639 3949 677 4014 τὸ
693 3947 887 4030 θαυμαστὸν
903 3946 1005 4022 οὐτιος
1020 3942 1085 4022 έξει
1099 3940 1223 4025 μᾶλλον
1238 3940 1258 4026 ἢ

136 4051 167 4120 εἰ
190 4054 260 4120 ἀπὸ
275 4065 333 4122 τοῦ
348 4053 534 4141 αὐτομάτου
550 4054 607 4122 καὶ
630 4067 688 4143 τῆς
702 4054 807 4143 τύχης,
832 4050 905 4117 ἐπεὶ
920 4050 978 4117 καὶ
993 4063 1058 4116 τῶν
1073 4049 1142 4113 ἀπὸ
1164 4046 1259 4133 τύχης

136 4172 243 4226 ταῦτα
266 4162 531 4246 θαυμασιώτατα
563 4161 665 4240 δοκεῖ,
696 4159 757 4225 ὅσα
786 4161 896 4244 ὥσπερ
926 4154 1077 4244 ἐπίτηδες
1106 4148 1259 4240 φαίνεται

137 4266 306 4355 γεγονέναι.
354 4271 444 4334 Auel.
469 4275 545 4352 post.
571 4281 600 4334 l.
621 4276 679 4334 30:
702 4276 760 4332 τοῦ
782 4265 851 4331 ἀπὸ
873 4264 968 4352 τύχης
992 4261 1049 4328 οὐκ
1072 4257 1159 4325 έοτιν
1182 4256 1260 4323 ἐπι-
