3084 4834
161 473 224 538 acri
248 471 363 536 iudicio
382 473 567 552 percenseat,
589 471 749 553 praecipue
773 470 805 535 id
828 487 1003 553 persuasum
1020 471 1194 555 clarumque
1217 491 1283 538 esse

161 581 296 661 oportet,
326 579 475 660 quatenus
503 595 551 641 res
580 580 681 659 gestas
710 577 747 640 ad
778 576 889 642 liberas
920 577 1079 642 hominum
1110 579 1283 644 voluntates

160 685 347 767 consiliaque
371 683 475 747 reduci
498 683 589 748 liceat
612 688 644 748 et
658 689 806 767 quantum
830 684 868 748 ad
891 702 941 749 eas
956 683 1035 749 aliae
1057 703 1163 751 causae
1185 686 1281 751 uires·

160 811 219 877 que
246 792 405 856 hominum
428 790 578 855 voluntati
601 791 725 855 omniuo
749 809 808 855 non
830 791 1023 856 oboedientes
1046 810 1102 856 nec
1126 791 1284 857 subiectae

160 899 324 964 valuerint.
384 898 567 962 Plutarchus
601 915 671 962 vero
706 897 835 965 minime
870 898 903 961 iu
942 897 1091 963 eiusmodi
1125 899 1284 982 scriptoris

160 1007 311 1072 rationem
328 1005 418 1079 cadit,
440 1024 509 1068 curn
529 1004 662 1069 sciamus
684 1004 713 1068 ei
734 1023 794 1069 uon
810 1005 998 1087 propositum
1013 1005 1105 1069 fnisse
1120 1004 1281 1070 historiam

161 1112 283 1195 propria
306 1112 361 1176 illa
384 1114 415 1175 et
437 1109 601 1192 principali
624 1110 847 1192 significatione
870 1112 1018 1188 scribere,
1042 1111 1093 1177 sed
1116 1112 1284 1177 humiliora

162 1219 252 1284 modo
269 1220 418 1283 humanae
434 1218 515 1281 vitae
539 1222 571 1281 et
586 1216 718 1281 virorum
737 1236 834 1281 mores
850 1218 1040 1299 virtutesque
1062 1217 1100 1282 ad
1120 1219 1281 1283 homiuum

161 1326 280 1391 animos
303 1323 480 1390 alliciendos
502 1326 588 1406 aptas
603 1323 752 1406 proferre3
776 1342 865 1407 quam
890 1324 928 1388 ad
951 1344 1016 1389 rem
1039 1325 1227 1390 efficiendam
1252 1325 1283 1390 ei

162 1451 254 1514 parua
289 1431 369 1495 facta
398 1431 537 1513 dictaque
574 1433 743 1496 memoratu
778 1429 871 1513 digna
906 1449 942 1495 oc
977 1433 1220 1497 narratiunculas
1250 1436 1282 1497 et

163 1558 262 1603 mores
288 1538 327 1603 ad
356 1539 526 1602 humanum
556 1538 693 1603 animum
723 1537 969 1620 investigandum
1004 1540 1092 1619 aptos
1121 1538 1282 1621 explanare

162 1645 287 1711 maioris
310 1644 450 1727 ponderis
473 1663 537 1708 esse
560 1643 729 1720 uidebatur,
752 1663 844 1726 quam
868 1663 972 1709 causas
991 1647 1157 1727 eventaque
1180 1664 1282 1711 rerum

163 1771 339 1835 percensere
367 1770 403 1815 ac
432 1750 625 1831 perscrutari.
671 1749 747 1816 Cum
778 1749 816 1813 ad
844 1769 965 1815 severae
988 1750 1127 1815 ueritatis
1158 1755 1190 1816 et
1212 1751 1283 1816 fidei

165 1860 288 1923 modum
312 1858 444 1922 scribere
468 1857 595 1921 minoris
615 1858 713 1939 putet,
736 1856 768 1920 in
792 1856 929 1921 fontibus
944 1859 967 1940 ¹)
991 1875 1110 1939 quoque
1133 1857 1286 1941 eligendis

164 1968 196 2030 et
211 1963 392 2029 adhibendis
408 1963 517 2028 leviter
531 1981 698 2046 parumque
717 1962 875 2028 subtiliter
890 1966 1026 2028 versatur
1040 1965 1164 2048 agitque
1186 1984 1285 2048 neque

164 2091 214 2137 cas
236 2090 290 2154 pro
319 2072 431 2135 intima
455 2069 609 2134 doctrinae
632 2070 766 2152 artisque
789 2069 963 2134 subtilitate
987 2074 1018 2135 et
1045 2069 1118 2146 fide,
1147 2070 1198 2134 sed
1228 2088 1285 2152 pro

165 2179 304 2243 ubertate
326 2195 361 2241 ac
384 2177 547 2242 crebritate
570 2179 799 2257 praeceptorum
830 2176 992 2241 honestum
1015 2176 1130 2260 aliquid
1154 2195 1281 2241 monen-

165 2285 245 2348 tium
282 2283 382 2366 eligit.
440 2283 625 2375 Plerumque
665 2281 751 2346 uullo
786 2282 909 2346 critices
942 2302 999 2348 usu
1032 2302 1129 2347 unum
1164 2282 1282 2348 fontem

164 2390 354 2456 uberrimum
367 2387 516 2471 sequitur,
539 2407 629 2471 quern
645 2407 705 2452 non
721 2388 870 2463 nominat,
893 2389 925 2452 et
945 2407 1016 2453 cum
1031 2388 1103 2452 aliis
1118 2390 1285 2471 comparat,

112 2586 116 2592 .
165 2517 241 2580 quos
263 2498 401 2562 nominat
427 2500 447 2580 ),

238 2730 266 2795 1)
282 2729 425 2794 Heoren,
450 2727 491 2780 De
515 2725 631 2780 fontibus
655 2729 684 2779 ot
706 2724 866 2779 auctoritate
888 2724 1003 2778 vitarum
1020 2723 1205 2795 parallelarum
1222 2724 1282 2777 Plu·

165 2816 521 2885 tarchi,(ldttiugen1820.
557 2814 583 2868 J.
603 2812 634 2869 G.
653 2814 818 2882 Droysen‚
845 2812 1001 2867 Geschichte
1026 2813 1072 2867 dos
1095 2813 1285 2879 Hellenismus‚

164 2907 303 2974 Hamburg
323 2905 431 2971 18361,
451 2904 503 2958 676
511 2920 567 2973 sqq.
603 2902 639 2957 Μ.
658 2902 771 2970 flung,
790 2900 899 2966 Quellen
923 2901 969 2955 des
988 2901 1129 2969 Plutarch,
1147 2900 1283 2969 Tdhingen

166 2995 244 3051 1854.
281 2994 317 3048 Η.
335 2993 451 3058 Peter,
469 2991 519 3045 Die
538 2991 645 3056 Quellen
658 2990 799 3044 Plutarchs
812 2992 840 3044 iu
854 2990 903 3044 deu
917 2990 1107 3060 Biographioen
1121 2991 1167 3043 der
1179 2990 1282 3044 Rdmer.

167 3085 352 3150 Schubert,
371 3082 420 3136 Die
439 3081 548 3146 Quelleu
567 3080 612 3133 des
631 3079 756 3133 Plutarch
775 3080 803 3132 in
828 3079 878 3133 den
896 3079 1218 3146 Iabensbeschreibungen
1237 3078 1286 3132 dee

167 3173 304 3239 Eumenes,
318 3172 469 3226 Demetrius
483 3170 537 3224 und
550 3170 675 3239 Pyrrhus.
701 3168 924 3223 Fleckeisens
937 3168 1106 3222 Jahrhhcher.
1130 3167 1221 3238 Suppl.
1235 3167 1282 3223 IX.

165 3263 190 3318 J,
210 3263 445 3328 Cratiunesco,
469 3259 628 3314 Plutarchus
647 3275 705 3312 cum
729 3257 863 3312 Herodoto
888 3261 916 3311 et
940 3257 1090 3326 Thucydide
1108 3260 1285 3327 comparatur,

169 3352 239 3423 quod
257 3352 291 3405 ad
308 3351 461 3405 historicam
479 3349 606 3403 rationem
625 3348 731 3415 attinet,
750 3348 827 3401 Paris
846 3348 923 3402 1814.
951 3344 982 3401 Ο.
1002 3345 1137 3413 Clasou,
1157 3345 1284 3400 Plutarch

167 3441 221 3494 und
238 3441 354 3494 Tacitus.
391 3438 456 3492 Eine
474 3436 790 3505 Quellenuutersuchung.
822 3436 912 3489 Berlin
931 3435 1009 3490 1870.
1045 3434 1078 3488 R.
1097 3435 1224 3503 Lange,
1243 3437 1287 3490 De

168 3529 257 3584 'facito
270 3529 408 3584 Plutarchi
426 3531 539 3582 arrctore.
567 3527 638 3580 Diss.
659 3527 746 3594 inaug.
774 3525 853 3579 Hulle
871 3525 950 3579 1880.
977 3524 1006 3577 Ρ.
1026 3523 1282 3592 Mallemeister,

168 3619 207 3672 De
224 3618 342 3673 fontibus
355 3617 451 3686 Pyrrhi
464 3617 622 3684 Plutarchei,
642 3613 788 3684 Giittingeu
802 3614 879 3668 1874.
909 3612 937 3668 C.
956 3612 1083 3680 Queclr,
1100 3613 1223 3681 Beitrige
1237 3631 1287 3668 aur

169 3705 363 3773 Quellenlnmde
387 3705 541 3773 Plutarchs,
564 3705 613 3760 Bd.
632 3706 660 3771 Ι,
684 3702 812 3772 stargard
832 3703 909 3756 1874.
945 3700 974 3755 F.
992 3702 1072 3769 Leo,
1090 3702 1130 3756 De
1146 3702 1284 3756 Plutarchi

168 3797 348 3868 quaestionum
361 3796 539 3850 Romanarum
556 3794 716 3848 auctoribus.
743 3793 815 3846 Dies.
829 3792 917 3860 inaug.
946 3790 1024 3845 Hulle
1039 3792 1117 3847 1874.
1142 3793 1285 3862 Sauppe,

165 3885 216 3940 Die
241 3884 350 3952 Quellen
375 3886 422 3939 des
445 3884 572 3938 Plutarch
597 3883 634 3937 im
656 3883 742 3936 leben
767 3881 813 3935 des
836 3880 960 3935 Perillae.
996 3879 1119 3947 Barth,
1145 3879 1185 3933 De
1202 3879 1286 3933 Iubae

167 3976 328 4050 ὁμοιότησιν
346 3992 362 4028 a
379 3975 521 4028 Plutarcho
539 3973 676 4043 expressis.
701 3971 814 4036 Thilo,
832 3971 872 4024 De
884 3970 1001 4024 Varrone
1014 3969 1150 4023 Plutarchi
1168 3971 1281 4022 auctore.

166 4063 196 4118 P.
221 4064 395 4133 Roesiger,
423 4064 463 4117 De
487 4063 587 4117 Duride
611 4061 697 4115 Samio
721 4060 829 4114 Diodori
854 4059 934 4113 Siculi
956 4061 984 4113 st
1008 4057 1145 4112 Plutarchi
1168 4059 1284 4110 auctore.

165 4153 237 4208 Dies.
256 4153 344 4222 inaug.
382 4152 527 4221 Gdttingen
548 4151 624 4207 1874.
661 4150 694 4206 Α.
717 4149 834 4218 Vogel,
858 4138 929 4202 liber
955 4147 996 4200 die
1015 4145 1124 4211 Quelleu
1142 4145 1286 4199 Plutarchs

166 4242 194 4295 in
212 4242 260 4296 der
276 4242 433 4313 Biographie
451 4240 619 4308 Alexanders,
638 4239 742 4295 Colmar
760 4237 839 4294 1877.

239 4331 267 4396 2)
285 4330 315 4387 Ο.
335 4329 475 4399 Greard‚
500 4330 540 4384 De
564 4329 591 4383 la
614 4328 711 4382 morale
737 4328 769 4381 de
795 4325 947 4396 Plutarque.
975 4323 1023 4378 111.
1051 4323 1091 4378 ed.
1110 4323 1185 4377 Paris
1204 4323 1286 4379 1880.
