3084 4834
599 692 793 809 Vita.

205 981 314 1047 Natus
336 1001 408 1045 sum
423 979 636 1062 Eupeuius
658 977 807 1044 Lassel
823 976 966 1043 Coronae
987 975 1254 1041 Traussiloauiae

139 1111 169 1153 a.
199 1089 229 1153 d.
266 1086 340 1153 VII
361 1085 429 1152 Cal.
453 1085 532 1152 dau.
557 1086 640 1151 auui
669 1086 699 1151 lc.
728 1108 752 1151 s.
782 1083 948 1150 LXVIII
972 1088 1067 1165 patre
1096 1082 1253 1165 Eupcmio,

138 1199 241 1260 matre
263 1194 435 1259 Friderica
465 1213 481 1258 e
508 1198 598 1275 perite
628 1191 807 1271 Sclreiber,
838 1212 914 1274 quos
945 1191 1049 1256 adlue
1071 1190 1255 1271 superstites

138 1322 203 1367 esse
225 1300 317 1366 caldo
337 1300 467 1383 paudeo.
517 1297 715 1382 Cautessioui
738 1300 921 1380 adscriptus
949 1317 1020 1362 sum
1049 1295 1255 1379 eoaupelicae.

139 1408 317 1473 Elemcutis
340 1408 520 1472 litterarum
535 1406 676 1472 imbutus
696 1427 755 1488 per
777 1411 843 1471 octo
863 1425 966 1470 ammos
985 1405 1189 1489 ppmuasium
1211 1424 1255 1468 eo.

139 1535 208 1581 saa.
226 1515 359 1595 patriae
374 1515 465 1579 urbis
480 1514 687 1596 frequentavi.
726 1514 824 1578 Ammo
839 1511 1039 1578 LXXXVI
1056 1510 1257 1576 maturitatis

139 1621 315 1687 testimouio
331 1625 454 1701 accepto
470 1619 648 1702 Marpurpi
667 1617 830 1684 Gattorum
847 1619 1028 1700 adscriptus
1049 1640 1121 1683 sum
1135 1618 1257 1683 ciuibus

139 1727 357 1804 Academicis,
380 1726 436 1792 ubi
452 1747 515 1807 per
538 1725 617 1791 duos
639 1746 741 1791 auuos
761 1724 931 1808 plilolopis
954 1725 1101 1807 adprime
1123 1728 1152 1790 et
1173 1725 1255 1789 ileo·

141 1834 251 1918 lopicis
272 1834 390 1899 studiis
405 1853 535 1914 operam
549 1833 677 1898 dautem
692 1832 786 1898 ualde
800 1854 848 1898 me
864 1837 1024 1898 amaerumt
1042 1831 1257 1897 illustrissimi

140 1942 225 2006 oiri:
263 1940 467 2023 Berpmaum
502 1939 596 2018 Birt,
634 1939 784 2018 Fisclor,
821 1939 925 2018 Koclc,
962 1939 1063 2017 Leuc,
1104 1936 1255 2016 Schmidt,

141 2050 179 2114 de
201 2047 309 2132 Splai,
346 2047 509 2114 Wissoua.
555 2046 798 2112 Prosemiuario
821 2046 995 2130 plilolopo,
1025 2046 1109 2129 quod
1134 2044 1258 2128 repebat

147 2155 318 2232 Wissoma,
348 2174 410 2236 per
445 2156 512 2219 tria
545 2155 710 2221 semestria
743 2154 880 2236 iuterfui
915 2158 944 2219 et
972 2154 1054 2237 repii
1087 2152 1257 2218 semimarii

136 2259 300 2344 plilolrpi,
325 2262 410 2343 quod
430 2261 574 2344 repebant
596 2260 676 2325 Birt
698 2266 727 2326 et
749 2261 903 2339 Solatur,
927 2260 1049 2326 sodalis
1071 2259 1259 2325 ordinarius

139 2370 192 2452 fui
216 2390 279 2450 per
308 2389 409 2434 uuum
435 2374 587 2434 semister.
633 2368 678 2433 Iu
706 2369 883 2434 societatem
905 2367 1101 2450 plilolopam
1127 2367 1258 2450 beuipue

140 2498 190 2542 me
211 2476 329 2557 recepit
351 2475 438 2541 Birt.
483 2476 580 2540 Auuo
601 2475 843 2541 LXXXVIII
860 2479 898 2542 iu
920 2476 1118 2540 academiam
1141 2473 1257 2539 Buda-

139 2588 313 2664 medensem
342 2604 390 2647 me
420 2582 554 2662 coutuli,
588 2582 646 2647 uli
668 2603 732 2664 per
760 2603 863 2648 muum
891 2603 1015 2647 auuum
1042 2581 1165 2647 sciolos
1191 2581 1257 2663 fre-

142 2690 293 2772 quentari
314 2691 457 2755 uirorum
472 2689 783 2755 illustrissimorum:
805 2690 888 2755 Abel
909 2691 974 2776 (†)‚
997 2689 1129 2772 Beitlp,
1153 2689 1257 2753 Heiu-

140 2796 225 2874 ricl,
249 2795 393 2875 Kassai,
417 2796 534 2879 Mapr,
557 2795 655 2875 Pecu,
680 2795 834 2880 Simoupi‚
860 2795 1045 2862 I'lceurewlr.
1091 2795 1258 2877 Partlceps

140 2903 193 2986 fui
209 2902 469 2967 exercitationum
484 2903 655 2968 semimarii
669 2900 830 2986 plilolopi,
846 2904 900 2968 cmi
905 2907 1060 2985 praeerat
1072 2902 1258 2968 Tleurewlo.

141 3010 240 3074 Auuo
263 3009 444 3091 iusequeuti
465 3008 659 3074 Beroliumm
688 3031 737 3075 me
760 3009 895 3089 coutuli,
925 3010 982 3075 ubi
1003 3031 1066 3090 per
1092 3010 1142 3074 bis
1169 3028 1260 3074 seros

141 3137 261 3184 meuses
283 3114 405 3181 sciolas
426 3116 629 3197 freqmeutaci
650 3116 794 3181 uirorum
817 3117 1084 3182 doctissimorum:
1117 3115 1258 3194 Curtius,

142 3222 282 3305 Diltlcep,
304 3221 521 3304 Ebliuplaus,
538 3221 691 3302 Paulseu,
709 3222 835 3302 Robert,
852 3221 1001 3302 Sclruidt,
1018 3223 1056 3288 de
1073 3222 1259 3302 Treitsclloe,

151 3328 288 3407 Valleu,
325 3328 546 3408 Walteubaclc,
577 3328 691 3394 Zellor.
736 3330 914 3412 Marpurpi
942 3335 971 3395 et
999 3329 1150 3395 Beroliui
1176 3330 1258 3395 tleo-

144 3435 253 3519 lopicis
268 3454 389 3517 quoque
403 3437 521 3501 studiis
537 3436 678 3502 deditum
692 3437 864 3502 docueruut
882 3457 931 3501 me
944 3437 1011 3501 oiri
1027 3436 1260 3502 illustrissimi:

143 3543 180 3606 de
203 3541 403 3621 Boudissiu,
425 3543 599 3621 Harmodi,
622 3543 828 3623 Harudum,
859 3543 1006 3625 Kadau,
1033 3542 1258 3622 Lommatrscl,

143 3648 257 3714 Iloulrc
280 3649 344 3735 (†)‚
369 3646 573 3733 Staiumeper,
603 3649 717 3717 Weiss.
755 3651 856 3716 Hisce
874 3651 1132 3732 praeceptoribus
1154 3656 1259 3716 autem

142 3776 214 3821 cum
236 3756 380 3821 omuibus
402 3759 469 3820 tum
491 3756 617 3837 Birtio‚
641 3740 878 3823 dissertatiouis
900 3758 1110 3841 imaupuralis
1131 3759 1260 3822 suasori

142 3867 171 3928 et
193 3863 372 3927 studiorum
400 3882 540 3929 meormu
560 3865 699 3947 fautori,
729 3885 864 3947 quorum
892 3886 973 3930 cura
1000 3887 1038 3930 ac
1068 3865 1260 3947 bemipuitate
1355 3848 1358 3851 “

142 3988 237 4049 saepe
252 3970 400 4049 armabor,
422 3971 549 4053 pratios
565 3992 623 4054 apo
639 3993 736 4054 quam
751 3972 914 4037 mouimus
926 3973 1129 4057 pratiamque
1144 3970 1259 4043 lahela

142 4076 376 4159 sempiteruam.

517 4253 876 4279 mr
