3084 4834
835 316 877 374 60

296 501 426 579 temnit,
448 501 507 567 hoc
529 502 605 579 loco,
628 501 683 567 ubi
706 501 744 567 de
766 503 904 568 Romano
926 502 1057 585 imperio
1086 522 1104 569 a
1126 504 1319 587 providentia
1346 524 1422 571 con·

296 608 408 674 siituto
436 608 556 692 agitur,
587 608 641 674 ubi
668 607 759 693 tycho
789 608 875 692 quasi
905 612 943 675 nt
975 608 1116 675 divinum
1149 609 1274 695 aliquod
1305 631 1420 677 numen

296 714 450 796 procedit,
484 714 514 779 ei
548 713 707 797 ingentem
741 713 807 779 rim
841 714 987 781 tribuero.
1046 716 1220 782 Romanum
1254 715 1421 801 imperinm

296 819 464 886 Plutarcho
487 838 506 885 a
528 818 588 886 diis
610 821 771 887 inventum
795 823 828 886 et
850 822 1055 887 constitutum
1086 841 1151 887 esse
1172 821 1311 904 videtur,
1340 823 1423 907 quod

297 925 476 991 hominihus
504 929 683 1009 perpetuam
711 945 819 1010 pacem
847 927 963 993 aderat.
1016 928 1136 994 Virtuti
1164 933 1286 1008 autem,
1315 932 1352 996 ut
1373 948 1423 995 res

297 1032 448 1097 humanas
476 1028 600 1098 adiuvet
630 1035 662 1098 et
691 1036 821 1117 augeat,
848 1033 883 1098 in
912 1033 1021 1116 primis
1054 1033 1226 1101 occasiones
1259 1035 1424 1118 potestatis

298 1156 369 1204 suae
393 1137 593 1204 ostendendae
617 1138 714 1205 tribui
742 1159 864 1206 necesse
894 1141 963 1216 est,
992 1159 1067 1224 quas
1095 1141 1220 1225 quidem
1250 1142 1342 1225 tycho
1364 1142 1424 1208 tri·

301 1243 387 1322 buit,
410 1261 489 1327 quae
510 1245 548 1310 ab
570 1245 646 1311 urbe
668 1245 792 1311 condita
807 1246 946 1311 omniurn
961 1246 1110 1312 bonorum
1126 1249 1293 1312 eventuum
1316 1267 1425 1331 expers

300 1350 403 1434 eisque
426 1350 559 1433 propitia
582 1350 807 1418 blandiebatur.
853 1351 908 1418 uri
930 1353 1021 1436 tycho
1044 1352 1238 1436 singulorum
1261 1355 1425 1419 hominum

299 1456 364 1521 fata
392 1459 546 1541 sortesque
575 1459 749 1523 constanter
778 1457 950 1540 componit,
980 1457 1026 1523 ita
1054 1457 1196 1544 gentium
1225 1478 1344 1544 quoque
1374 1479 1426 1526 res

299 1564 401 1646 gestas
429 1562 557 1627 consilio
584 1562 668 1646 regit
694 1583 732 1628 ac
758 1564 918 1647 praecipue
946 1565 981 1628 in
1009 1563 1138 1647 imperio
1161 1565 1267 1648 populi
1292 1565 1426 1631 Romani
1477 1602 1481 1615 ·

301 1667 513 1734 constituendo
536 1671 568 1734 et
589 1667 728 1751 augendo
750 1668 832 1733 nihil
854 1668 915 1734 sibi
938 1669 1051 1752 reliqui
1075 1670 1158 1735 lecit.
1204 1672 1312 1754 Itaque
1335 1672 1426 1737 nobis

301 1793 442 1857 suprema
468 1774 518 1840 lex
547 1776 580 1840 et
608 1792 729 1840 summa
758 1774 878 1840 iustitia
908 1778 940 1840 et
969 1794 1041 1859 prae
1073 1774 1234 1841 hominum
1266 1776 1426 1843 voluntate

301 1881 481 1966 gravissima
502 1879 541 1947 ad
555 1879 717 1946 hominum
739 1900 777 1959 ac
790 1881 932 1964 gentium
955 1901 1003 1949 res
1026 1881 1103 1947 bone
1118 1883 1267 1966 gerondas
1289 1884 1337 1949 vis
1359 1903 1426 1950 csse

301 1987 432 2055 ridetur.

352 2095 435 2159 ¹larn
450 2112 522 2159 vero
536 2093 629 2159 aliarn
652 2092 910 2177 significationem
932 2093 1027 2160 habet
1049 2095 1139 2178 tycho
1162 2093 1196 2160 in
1218 2095 1323 2174 tertia,
1346 2115 1426 2180 quae

302 2203 340 2268 ad
363 2203 501 2266 nostrum
530 2199 623 2265 finem
652 2199 846 2282 potissimum
879 2203 1012 2283 spectat,
1042 2200 1272 2280 dissertatione,
1303 2202 1354 2268 cui
1376 2202 1427 2267 in·

302 2308 449 2374 scribitur
486 2306 549 2385 „de
584 2305 752 2371 Alexandri
787 2307 891 2390 magni
926 2306 990 2372 sive
1022 2307 1146 2372 fortuna
1178 2307 1243 2373 sive
1272 2309 1426 2381 virtuter

303 2415 382 2482 Cum
405 2414 438 2478 in
461 2413 727 2479 dissertationibus
748 2416 839 2478 antea
856 2412 996 2479 tractatis
1019 2414 1052 2478 et
1074 2412 1136 2479 fors
1150 2431 1298 2497 mensque
1320 2434 1428 2481 caecus
1521 2416 1522 2421 ’

303 2521 482 2605 plerumque
512 2519 679 2603 denegetur
708 2521 741 2585 et
768 2518 859 2603 tycho
885 2521 922 2585 ut
951 2518 1056 2585 divina
1077 2520 1270 2602 providentia
1292 2521 1428 2604 sapienti

305 2627 433 2694 oonsilio
467 2627 627 2703 oxomata,
661 2626 842 2709 praesertim
876 2625 956 2710 quod
990 2625 1029 2690 ad
1063 2627 1234 2692 Romanam
1263 2626 1428 2693 historiam

304 2733 433 2809 attinet,
457 2733 655 2811 concedatur,
685 2732 743 2797 hac
765 2731 798 2796 in
822 2731 1036 2797 dissertatione
1059 2731 1147 2797 nobis
1168 2732 1259 2817 tycho
1282 2734 1427 2799 salutaris

304 2838 498 2925 propitiaque
520 2838 568 2904 vis
589 2857 654 2903 esso
676 2838 808 2917 videtur,
830 2856 906 2922 qnae
922 2837 1025 2903 omnia
1047 2839 1124 2903 bona
1147 2840 1256 2903 eventa
1277 2839 1317 2905 ad
1340 2859 1426 2905 suam

305 2947 520 3012 auctoritatem
543 2945 647 3010 reduci
670 2944 746 3010 vult.

372 3051 438 3116 Iam
460 3053 532 3117 ante
554 3051 756 3117 Plutarchum
779 3050 900 3132 saepius
922 3050 1086 3116 tractatum
1111 3053 1186 3130 erat,
1209 3053 1316 3116 utrum
1339 3071 1426 3135 prae·

306 3160 388 3224 clara
402 3156 569 3223 Alexandri
591 3157 671 3223 iacta
693 3157 793 3242 magis
815 3158 853 3220 ad
874 3157 1028 3222 fortunam
1051 3175 1091 3221 an
1105 3155 1255 3222 virtutem
1270 3157 1427 3224 referenda

305 3264 378 3329 sint.
423 3263 568 3331 Conicere
598 3283 757 3347 possumus
786 3262 1002 3328 diadochorum
1031 3281 1134 3328 rorum
1163 3261 1327 3345 scriptores
1362 3264 1426 3330 dia·

308 3368 419 3436 dochos
442 3373 474 3435 et
497 3371 641 3455 epigenes
663 3371 803 3436 fortunae
825 3368 905 3433 filios
926 3367 1136 3451 praedicantes
1157 3368 1327 3435 Alexandri
1350 3388 1425 3453 quo-

307 3495 367 3559 que
389 3477 470 3542 lacta
492 3476 530 3542 ad
552 3496 697 3560 magnam
719 3476 825 3560 tyches
847 3475 1063 3541 auctoritatem
1085 3474 1241 3540 rettulisse
1256 3476 1291 3559 ¹).
1331 3476 1425 3541 Prae·

307 3583 389 3647 clara
405 3582 471 3648 eius
486 3586 518 3648 et
539 3583 619 3649 vires
642 3584 790 3648 humanas
813 3580 901 3663 quasi
924 3580 1100 3646 excedentia
1113 3580 1249 3646 facinora
1272 3600 1308 3647 oa
1330 3591 1425 3659 erant,

380 3815 408 3879 1)
426 3812 464 3868 Cf.
483 3813 577 3880 Birt,
595 3812 717 3883 Elpides,
735 3830 761 3883 p.
781 3812 876 3882 65qu
906 3810 1001 3878 „Auch
1020 3809 1067 3863 auf
1081 3808 1228 3864 Alexander
1245 3810 1330 3864 selhst
1348 3809 1426 3864 stand

307 3919 367 3957 man
396 3902 471 3957 nicht
497 3918 532 3955 an
559 3917 591 3954 au
614 3902 754 3955 verwoisen
778 3901 817 3954 als
842 3899 889 3953 auf
914 3899 961 3953 das
983 3898 1150 3953 vornehmste
1172 3898 1287 3968 Beispiel
1311 3898 1354 3951 fiir
1380 3898 1426 3952 das
1517 3912 1518 3929 *

309 3991 415 4045 Walten
434 3990 482 4044 der
498 3989 593 4059 Tycha.
629 3990 678 4043 Bei
696 3989 746 4043 den
765 3987 941 4045 Grossthaten
958 3986 1120 4041 Alexanders
1137 3988 1270 4041 yerweilte
1288 3987 1330 4040 dio
1343 3987 1426 4041 Phau-

308 4080 375 4134 tasie
393 4080 443 4133 mit
460 4079 582 4133 Vorliebe
599 4078 654 4132 und
674 4078 800 4146 steigsrte
818 4077 873 4131 und
890 4076 1064 4145 vergriisserta
1080 4077 1117 4130 sie
1131 4092 1189 4129 amn
1202 4075 1424 4141 Marnhenhadten,

308 4167 351 4222 die
368 4168 467 4222 Metire
486 4169 548 4222 aber
567 4167 739 4221 verkloinerte
757 4183 834 4233 man,
853 4166 963 4220 diaden
982 4164 1260 4220 Aniserordentlichen
1278 4164 1424 4234 bewegten;

309 4256 356 4310 der
373 4256 544 4326 Vorlxiimpfer
561 4254 737 4325 griechischer
750 4254 850 4308 Kultur
868 4255 955 4309 wurde
976 4270 1035 4307 zum
1047 4253 1142 4307 Urbild
1163 4253 1209 4307 dos
1224 4251 1422 4317 Gliiclrsritters3

308 4348 367 4400 erst
384 4362 413 4400 so
431 4345 529 4399 honnte
547 4361 575 4398 er
593 4345 630 4397 im
647 4344 715 4397 Vollr
734 4345 824 4396 weitm
840 4343 942 4397 leben.“
