3084 4834
813 197 831 252 6

741 281 902 291 numum-um

331 385 436 468 Itaque
468 385 573 449 robore
603 404 643 469 ac,
667 385 782 450 virtute
810 386 993 451 Graecorum
1023 386 1185 468 paullatim
1209 390 1385 453 senescente

266 510 336 555 cum
359 493 426 556 tota
448 489 576 556 Graecia
599 491 797 568 subiceretur,
823 491 988 556 Alexandri
1011 491 1176 574 imperium
1200 513 1260 559 non
1283 494 1384 558 selum

265 597 445 680 populorum
475 616 523 662 res
552 597 820 682 condicionesque,
851 598 902 662 sed
932 598 1026 663 etiam
1056 599 1224 664 sententies
1246 603 1279 664 et
1301 601 1385 682 cegi-

267 703 399 768 tatienes
415 704 680 768 vehementissime
696 706 844 786 mutavit3
862 723 933 768 nam
949 706 1089 787 ingentes
1104 705 1268 769 clarissimi
1283 706 1384 770 Mace·

269 810 376 874 doniae
391 809 472 891 regis
487 811 658 892 triumphos
677 811 793 875 atrocia
816 810 1030 876 diadocherum
1052 814 1083 875 et
1099 813 1296 896 epigonornm
1320 831 1385 877 cer·

269 916 385 981 lamina
409 915 661 999 insequebantur,
691 917 805 998 quibus
837 917 965 982 victoria
996 917 1156 994 victoriae,
1181 917 1282 983 clades
1304 918 1385 983 cladi

271 1022 433 1087 insistebat
455 1040 491 1086 ac
514 1042 624 1106 magna
646 1042 739 1107 regna
762 1023 987 1106 occupabantur
1009 1027 1040 1088 et
1067 1024 1313 1102 invertebantur,
1341 1027 1386 1090 ita

270 1130 306 1192 ut
335 1128 511 1193 hominibus
540 1147 650 1212 magna
678 1130 815 1194 omnium
845 1148 945 1194 rerum
979 1130 1126 1194 varietate
1152 1150 1187 1194 ac
1215 1131 1386 1197 mutatione

272 1233 492 1299 fluctuantibus
515 1235 599 1301 brevi
621 1255 799 1319 persuasum
823 1239 917 1313 esset,
947 1236 1130 1301 insolentem
1161 1257 1264 1302 casum
1288 1239 1387 1303 fertu-

271 1359 401 1424 namque
435 1360 539 1425 regere
578 1360 626 1407 res
662 1343 819 1409 humanas.
874 1343 1047 1425 Antequam
1082 1341 1227 1408 Graeciae
1260 1344 1388 1410 libertas

270 1447 379 1530 periit,
409 1449 499 1529 tyche
526 1468 645 1532 semper
674 1450 811 1514 omnium
842 1448 989 1514 bonerum
1019 1468 1109 1514 causa
1135 1450 1309 1532 praedicata
1332 1455 1388 1529 est,

272 1573 354 1618 nunc
384 1558 486 1619 autem
521 1559 558 1620 ut
591 1555 711 1638 gratim
746 1556 791 1620 vis
819 1555 994 1638 recipienda
1023 1557 1055 1619 et
1087 1559 1221 1636 potestas
1255 1558 1389 1622 maxima

273 1662 455 1726 auctoritate
478 1663 616 1744 praedita
638 1663 729 1746 atque
752 1664 791 1726 ad
814 1663 961 1727 humanas
984 1681 1032 1727 res
1054 1697 1099 1707 —
1122 1662 1186 1727 sive
1209 1663 1302 1728 bonas
1325 1665 1388 1729 sive

274 1767 370 1832 malas
397 1806 431 1814 —
458 1768 628 1850 plurimum
651 1768 754 1833 valens
778 1768 964 1851 agnoscenda
987 1770 1062 1833 erat.

340 1873 416 1940 Cum
452 1875 555 1939 omnia
586 1876 664 1940 bona
690 1878 799 1940 eventa
827 1875 950 1939 fortuna
976 1874 1109 1939 effecisse
1136 1874 1306 1951 videretur,
1337 1876 1391 1940 ho·

277 1980 375 2045 mines
398 1980 542 2046 victorias
564 1981 666 2063 adepti
689 1981 829 2046 fortunae
852 1979 911 2044 filii
933 1980 1196 2062 praedicabantur.
1242 1981 1393 2046 Diadochi

277 2088 309 2151 et
343 2087 465 2170 epigoni
500 2089 624 2153 omnino
660 2088 704 2152 sic
745 2087 891 2170 appellati
931 2090 1024 2166 sunt;
1067 2086 1162 2150 imme
1198 2087 1392 2152 Demetrium

279 2192 471 2259 Poliorceten
488 2196 520 2278 ¹),
544 2195 597 2278 qui
619 2195 651 2258 in
676 2195 789 2278 hymno
804 2194 915 2278 tychen
931 2192 1167 2275 praedicaverat,
1190 2193 1394 2259 Athenienses

277 2299 368 2363 deum
391 2300 580 2366 celebravere
603 2301 732 2382 (Athen.
757 2300 810 2365 VI.
837 2301 901 2383 63).
948 2298 1172 2363 Diadoohorum
1201 2302 1338 2381 ternpore
1360 2300 1394 2364 in

278 2424 385 2489 regum
410 2409 537 2490 tychen,
560 2411 663 2489 postea
691 2408 725 2472 in
754 2409 962 2473 Romanorum
992 2406 1211 2486 imperatorum
1239 2405 1393 2470 fortunam

278 2510 376 2577 iurare
399 2513 546 2578 solebant.

345 2618 403 2684 Sed
428 2620 522 2685 etiam
546 2620 616 2687 aliis
640 2621 825 2697 huminibus,
848 2620 990 2696 urbibus,
1014 2619 1172 2702 gentibus,
1197 2618 1288 2683 certis
1311 2617 1395 2695 locis,

279 2725 439 2791 hominum
463 2727 561 2803 factis,
585 2729 728 2793 omnibus
750 2727 824 2792 anni
847 2726 955 2792 diebus
978 2746 1032 2792 sua
1055 2727 1145 2809 tycho
1168 2726 1242 2789 erat.
1280 2724 1396 2807 Tyches

281 2833 316 2897 ut
345 2832 440 2898 bonae
474 2834 624 2900 Fortunae
653 2835 755 2900 cultus
789 2853 843 2917 per
879 2834 969 2898 urbes
1001 2831 1230 2915 provinciasque
1265 2829 1396 2896 Romani

282 2938 423 3020 imperii,
453 2941 507 3005 ubi
537 2942 637 3006 omnis
666 2942 740 3006 urbs
769 2942 855 3024 quasi
884 2960 971 3005 suam
993 2939 1090 3022 ipsius
1112 2938 1280 3020 imaginem
1303 2936 1397 3022 τύχης

283 3045 410 3124 πόλεως
432 3048 532 3129 specie
555 3067 591 3113 ac
613 3048 709 3131 figura
734 3048 903 3130 exprimere
926 3047 1052 3122 solebat,
1081 3044 1144 3109 late
1167 3044 1293 3108 diffusus
1316 3045 1397 3118 erat3

282 3152 370 3218 cuius
392 3155 424 3217 in
448 3153 521 3220 deae
545 3155 689 3220 honorem
704 3154 838 3220 Romani
852 3153 976 3236 imperii
991 3154 1128 3233 tempore
1148 3170 1259 3234 magna
1274 3149 1397 3214 sollem-

283 3260 335 3323 nia
364 3259 511 3345 (Τυχεῖα)
541 3262 798 3337 instituebantur,
828 3261 901 3342 quia
928 3259 1035 3324 urbem
1066 3257 1176 3321 acriter
1210 3255 1398 3321 custodiebat

284 3368 375 3448 atque
399 3368 509 3432 melius
538 3388 630 3452 quam
661 3369 776 3433 ueteres
805 3367 890 3431 urbis
920 3366 969 3430 dei
1000 3363 1162 3446 paullatim
1191 3383 1207 3426 e
1235 3361 1322 3426 cultu
1346 3360 1397 3424 de·

283 3472 366 3553 pulsi
389 3474 544 3538 consulere
567 3475 637 3539 urbi
659 3475 828 3539 videbatur.
876 3472 1012 3554 Apparet
1035 3470 1133 3552 igitur
1154 3469 1309 3532 fortunam
1333 3468 1399 3549 pest

286 3578 492 3645 Alexandrum
516 3582 548 3644 in
572 3582 658 3646 cultu
681 3600 799 3665 queque
828 3581 861 3644 in
892 3578 957 3643 dies
981 3577 1093 3641 maiore
1116 3575 1275 3640 homiuum
1302 3572 1400 3655 gratia

285 3685 430 3752 floruisse.

353 3793 477 3860 Primus
500 3796 664 3863 theoretice
690 3798 720 3861 et
744 3794 844 3877 magis
868 3813 903 3857 ex
926 3793 1002 3858 artis
1024 3789 1193 3874 praeceptis
1219 3787 1325 3870 tyches
1348 3803 1400 3848 no·

360 3975 385 4040 l)
403 3973 575 4040 Plutarch,
589 3973 740 4027 Demetrius
754 3971 805 4026 35:
825 3969 880 4025 ἀλλ’
898 3973 914 4037 ἡ
929 3972 997 4040 τύχη
1011 3972 1073 4039 περὶ
1089 3967 1188 4020 οὐδένα
1203 3975 1257 4018 τῶν
1270 3965 1401 4030 βασιλέων

290 4064 376 4117 ἔοικεν
398 4065 469 4117 ciam
492 4065 597 4135 τροπὰς
614 4066 708 4130 λαβεῖν
730 4064 856 4134 μεγάλας
873 4064 919 4113 καὶ
945 4063 1057 4129 ταχείας
1080 4059 1137 4110 κτλ.
1175 4056 1228 4107 Διὸ
1250 4057 1299 4105 καί
1317 4067 1401 4120 quoru

290 4154 375 4205 αὐτὸν
398 4154 428 4206 ἓν
446 4158 506 4213 ταῖς
526 4156 636 4223 χείροσι
660 4153 828 4223 μεταβολαῖς
853 4151 921 4220 πρὸς
940 4149 989 4213 τὴν
1013 4149 1098 4216 τύχην
1121 4145 1354 4212 ἀναφθέγγεσθαι
1373 4140 1401 4190 τὸ

288 4244 468 4312 Αἰσχύλειον·
489 4243 589 4295 αὐτοί
604 4259 640 4313 με
660 4243 759 4311 φυσᾷς,
780 4241 816 4293 σύ
833 4256 869 4310 με
887 4240 1032 4290 καταίθειν
1050 4235 1146 4292 δοκεῖς.
