3084 4834
182 1410 229 1509 Si
258 1434 396 1499 fortunae
430 1430 566 1497 notionis
597 1429 630 1494 in
664 1427 790 1493 Graecis
818 1427 934 1493 litteris
963 1426 1124 1492 historiam
1159 1446 1232 1492 con·

110 1544 253 1618 tuemur,
277 1558 400 1624 grauem
424 1538 457 1603 in
480 1555 516 1602 ea
539 1535 743 1600 mutationem
771 1533 901 1616 imperio
929 1533 1096 1598 Alexandri
1126 1533 1230 1616 magni

68 1726 71 1731 ¹
110 1649 252 1714 effectam
290 1665 354 1710 esse
387 1643 615 1727 intellegimus,
650 1660 721 1705 oum
756 1643 827 1705 ante
864 1639 1031 1706 Alexandri
1065 1639 1231 1722 imperium

110 1755 219 1839 tyches
254 1752 287 1816 in
320 1749 450 1815 historia
484 1747 664 1830 populorum
703 1747 748 1811 ris
784 1764 843 1810 non
882 1745 1017 1810 multum
1046 1764 1236 1811 commemo·

111 1862 209 1937 retur,
233 1860 337 1940 postea
360 1856 426 1937 ipsa
447 1857 484 1919 ut
506 1853 645 1918 omnium
668 1871 769 1917 rerum
793 1853 899 1935 regina
921 1852 1100 1917 celebretur.
1146 1852 1231 1932 Quae

112 1967 205 2051 tyche
229 1965 406 2047 plerumque
429 1961 462 2025 in
491 1958 613 2042 scriptis
644 1957 861 2023 historicorum
890 1976 1037 2040 apparens
1066 1959 1232 2042 diligenter

112 2074 152 2138 ab
184 2090 233 2148 ea,
265 2086 341 2152 qnae
369 2066 455 2132 cultu
486 2064 672 2131 Graecorum
700 2063 898 2140 adorabatur,
922 2064 1153 2129 internoscenda
1175 2067 1231 2141 est,

111 2178 160 2243 ita
181 2178 218 2242 ut
241 2173 428 2258 probandum
449 2172 491 2237 sit
513 2172 580 2236 eius
602 2170 721 2234 uultum
744 2169 808 2233 iam
831 2169 957 2251 optimis
980 2168 1124 2236 Graeciae
1151 2173 1232 2235 tern-

114 2283 238 2367 poribus
260 2283 291 2345 et
313 2283 403 2344 antea
426 2297 517 2359 qnam
538 2294 681 2359 magnam
701 2274 917 2340 anctoritatem
938 2275 1019 2357 apud
1034 2276 1233 2342 historiarum

111 2388 275 2469 scriptores
297 2383 451 2461 habuerit,
474 2382 654 2448 effloruisse.
681 2383 811 2450 ,Postea
833 2385 938 2445 autern
960 2400 1144 2464 quamquam
1165 2384 1232 2448 cnl-

112 2498 166 2559 tus
193 2511 311 2576 quoque
340 2490 435 2556 latins
463 2488 723 2571 amplificabatur,
754 2490 857 2552 tamen
887 2487 921 2551 in
950 2487 1060 2568 primis
1093 2489 1233 2554 historici

42 2592 47 2598 ’
111 2602 225 2686 tychen
254 2598 439 2680 accipientes
467 2597 504 2660 ut
532 2613 685 2660 summam
714 2612 822 2659 rerum
857 2594 1059 2658 humanarum
1093 2595 1232 2678 reginam

113 2703 339 2790 praedicabant.

182 2810 228 2874 De
240 2809 377 2874 fortunae
388 2806 423 2872 in
434 2805 545 2890 prioris
559 2804 707 2887 temporis
720 2803 906 2871 Graecorum
922 2805 1037 2870 litteris
1049 2806 1232 2872 auctoritate

110 2935 151 2981 ac
173 2915 205 2978 vi
227 2914 291 2978 iarn
305 2914 398 2978 multi
413 2913 473 2978 viri
489 2910 694 2976 illustrissimi
714 2910 921 2977 disseruerunt
935 2910 971 2997 ¹),
995 2911 1057 2977 nisi
1072 2914 1150 2995 qnod
1166 2913 1233 2978 eius

120 3152 122 3156 Α
188 3169 215 3234 1)
240 3167 278 3223 Cf.
302 3166 534 3235 thelsbach,
558 3166 794 3220 Nachhomerische
816 3166 955 3236 Theologie
983 3168 1029 3221 des
1051 3168 1231 3236 griechischen

112 3257 339 3325 Vollrsglaubens,
363 3254 504 3323 Nhrnberg
524 3255 606 3323 1857,
631 3256 677 3324 qni
694 3273 720 3325 p.
739 3256 791 3309 153
799 3272 856 3325 sqq.
874 3255 993 3310 ostendit
1010 3256 1151 3310 secundum
1169 3257 1232 3311 deos

114 3347 256 3417 paullatim
273 3352 378 3418 μοῖραν
401 3346 430 3398 11
453 3345 545 3414 postea
570 3338 649 3397 aliam
672 3344 869 3414 impersonalem
887 3345 954 3411 rim,
973 3347 1070 3415 τύχην,
1090 3345 1232 3414 exstitisse,

114 3451 182 3505 qnae
200 3436 232 3487 nt
250 3434 303 3487 fors
322 3435 350 3487 et
367 3449 444 3486 casus
461 3431 490 3486 in
509 3431 564 3486 dies
582 3432 687 3485 maioris
705 3433 831 3486 momenti
853 3448 884 3485 ac
906 3432 1029 3502 ponderis
1053 3434 1080 3486 in
1098 3434 1233 3489 hominurn

115 3523 197 3578 vitam
215 3522 267 3575 init
284 3523 313 3575 et
330 3538 390 3575 eum
408 3520 566 3574 confessione
583 3519 717 3574 hominum
736 3523 764 3574 et
781 3519 936 3590 populorum
960 3521 1084 3576 libertate
1109 3520 1233 3577 Graeciae

114 3610 212 3664 amissa
235 3610 351 3664 moribus
376 3612 405 3663 et
428 3610 541 3678 ingeniis
565 3609 728 3679 perditorum
753 3609 929 3679 hebetnmque
952 3610 1049 3680 optime
1067 3611 1188 3665 convenit
1205 3613 1234 3665 et

114 3699 245 3766 congrunt.
272 3699 313 3752 De
326 3699 446 3753 fortunae
461 3696 656 3766 significatione,
676 3698 831 3768 praesertim
845 3698 914 3768 qnod
928 3698 961 3752 ad
979 3700 1110 3769 posterius
1129 3702 1232 3769 tempus

115 3786 230 3854 attinet,
263 3787 369 3857 scripsit
399 3787 572 3853 Welclrer,
604 3784 771 3841 Griechische
799 3784 965 3841 Gdtterlehre
991 3788 1033 3855 H,
1060 3806 1086 3858 p.
1116 3790 1167 3842 799
1175 3805 1232 3858 sqq.

115 3875 226 3928 Brevem
243 3875 363 3929 fortunae
381 3875 495 3930 notionis
513 3875 651 3929 historiam
668 3875 806 3945 inprimis
824 3875 979 3943 Homerum,
998 3877 1156 3944 Pindarum,
1174 3876 1234 3931 Ari·

116 3963 280 4033 stephanam,
298 3964 501 4018 Demosthenem
514 3966 543 4018 et
555 3963 695 4018 nonnullos
712 3964 881 4034 philosophos
895 3965 1076 4035 respicientem
1094 3965 1233 4035 explicarit

114 4052 197 4105 etiam
215 4051 248 4106 K.
283 4053 404 4120 Lehrs,
423 4053 553 4123 Popultre
570 4052 695 4107 Aufsdtze
718 4070 766 4107 aus
791 4053 850 4107 dem
872 4052 1020 4121 Altertum‚
1045 4054 1232 4121 vomugsweise

117 4158 163 4194 zur
180 4140 264 4193 Ethik
281 4142 335 4196 und
352 4142 474 4210 Religion
493 4141 539 4195 der
558 4139 694 4196 Griechen.
729 4142 765 4195 11.
785 4141 826 4195 ed.
844 4141 950 4212 Leipzig
967 4141 1050 4209 1875,
1069 4160 1094 4211 p.
1114 4142 1167 4196 175
1175 4158 1232 4212 sqq.

114 4229 155 4282 De
174 4229 266 4296 tyches
283 4229 312 4282 in
326 4228 432 4284 Graecis
450 4247 568 4284 amorum
588 4231 684 4284 fabulis
705 4230 895 4300 significatione
915 4230 1041 4284 disseruit
1058 4230 1088 4284 E.
1103 4230 1232 4298 Rohde,

114 4317 169 4371 Der
193 4317 354 4385 griechische
378 4318 480 4372 Roman
505 4318 559 4372 und
584 4319 654 4373 seine
671 4319 823 4386 Vorltuisr,
842 4318 948 4388 Leipzig
967 4319 1050 4386 1876,
1068 4337 1094 4389 p.
1113 4320 1234 4390 276sqq.

1003 4408 1018 4459 1
