3084 4834
148 456 257 502 omnes
279 454 330 502 eos
353 436 549 501 vehementer
571 436 773 520 impugnans,
797 437 851 521 qui
876 437 988 502 fortem
1012 438 1145 503 multum
1173 438 1272 503 valere

150 542 337 619 detendunt,
360 542 436 607 haec
463 543 501 606 ah
525 542 590 625 ipso
613 562 646 607 re
668 541 845 626 saepissime
867 543 1068 622 refelluntur,
1091 563 1161 609 cum
1185 563 1273 627 saepe

148 651 185 716 in
205 649 337 716 historia
359 647 575 714 conscribenda
597 649 733 714 multum
756 649 857 714 valere
879 649 991 714 fortem
1014 668 1176 733 casumque
1199 669 1273 715 con·

147 756 249 823 cedat.
289 754 354 820 Nos
368 758 473 819 autem
488 753 607 819 nullam
628 753 819 837 prohabilem
839 773 971 834 cauum,
994 776 1054 839 qua
1075 757 1274 822 aestimemus

150 863 234 927 hunc
255 861 409 938 libellum,
433 880 525 942 quem
547 860 708 926 Plutarchi
732 879 796 925 esse
819 861 943 944 quidam
966 865 1097 945 negant,
1125 881 1185 928 non
1209 881 1273 928 esse

151 969 219 1033 eius
253 968 430 1050 reperimus.
487 966 562 1032 Dico
591 966 748 1032 Muhlium
764 968 808 1052 ¹),
843 967 897 1051 qui
930 967 1025 1033 libros
1054 988 1073 1033 a
1106 969 1274 1035 Plutarcho

149 1073 338 1156 conscriptos
360 1091 532 1138 memorans
554 1073 637 1138 hunc
659 1073 741 1139 silet.
788 1072 966 1139 Sententiae
995 1074 1152 1160 formaque
1181 1076 1275 1142 huius

149 1180 433 1262 disputatiunculae
456 1180 657 1245 Plutarchum
689 1198 752 1245 esse
775 1181 932 1246 auctorem
955 1180 1043 1246 nohis
1065 1180 1272 1264 comprobant.

148 1287 345 1369 Quantopere
367 1285 573 1352 inconstantia
602 1286 778 1370 incertaque
807 1285 844 1351 de
873 1286 979 1369 tyches
1001 1289 1111 1353 natura
1138 1288 1217 1353 ratio
1240 1288 1274 1352 in

150 1394 325 1460 universam
350 1391 511 1457 Plutarchi
533 1390 760 1475 philosophiam
783 1391 946 1475 pertineat
968 1392 1140 1458 affirmatur
1162 1393 1275 1459 disser-

151 1499 270 1565 tatione
302 1498 366 1577 „de
395 1499 518 1564 fortuna
546 1499 781 1563 Romanorum“
805 1517 882 1581 quae
911 1497 1010 1564 fertur
1022 1500 1066 1584 ²),
1089 1499 1144 1565 ubi
1167 1500 1273 1583 tychee

151 1606 237 1672 notio
259 1603 322 1669 iam
346 1607 467 1670 mutata
489 1603 713 1688 significatione
736 1603 825 1669 uobis
847 1604 988 1669 occurrit.
1091 1628 1113 1647 *-

218 1711 350 1777 Initium
377 1710 536 1794 primaque
566 1708 783 1793 disputationis
812 1711 928 1793 capita,
963 1730 1035 1775 cum
1065 1709 1110 1775 sic
1139 1710 1275 1794 exposita

148 1819 231 1897 sint,
261 1817 348 1901 quasi
374 1819 484 1900 agatem
510 1836 559 1882 res
587 1835 648 1881 non
669 1816 756 1901 quasi
780 1820 936 1894 narretur,
959 1819 991 1881 et
1014 1836 1081 1882 eam
1105 1816 1273 1901 imaginem

149 1925 340 2008 exprimant,
370 1942 446 2008 quae
469 1923 567 1989 veluti
589 1922 622 1988 in
645 1942 710 1988 rem
733 1924 925 2006 praesentem
947 1941 1002 1988 nos
1023 1921 1182 1989 audientes
1204 1943 1274 2006 per·

151 2031 264 2097 ducere
299 2028 455 2108 videatur,
494 2029 577 2094 inter
611 2027 818 2110 pulcherrima
852 2031 885 2093 et
920 2027 1157 2111 perfectissima,
1193 2049 1271 2112 quae

150 2137 275 2220 scripsit
309 2137 509 2213 Plutarchus,
550 2135 737 2201 numeranda
771 2153 836 2199 esse
877 2152 991 2201 censeo.
1050 2135 1207 2200 Virtutem
1241 2139 1274 2201 et

151 2246 308 2312 fortunam
331 2243 368 2307 de
384 2244 592 2308 Romanorum
615 2241 746 2324 imperio
768 2243 921 2306 certantes
943 2240 1120 2318 introducit,
1144 2260 1273 2324 quarum

150 2355 284 2432 utraque
314 2351 429 2415 Romae
459 2347 682 2431 magnitudinis
711 2349 819 2413 auctor
852 2346 951 2412 videri
980 2347 1205 2430 maximamque
1234 2347 1274 2412 ad

150 2455 318 2540 imperium
342 2455 406 2522 vim
428 2452 489 2519 sibi
511 2454 609 2519 tribui
637 2452 722 2532 vult,
752 2473 823 2518 cum
847 2452 958 2519 victrix
980 2453 1141 2518 victoriam
1164 2453 1274 2537 adepta

150 2581 265 2646 magna
298 2561 457 2627 commoda
485 2561 623 2626 obtinere
654 2560 816 2644 omniaque
844 2559 1016 2624 criminae
1043 2579 1074 2625 se
1103 2559 1273 2640 defendere,

149 2672 184 2736 et
213 2668 313 2736 virtus
341 2668 469 2750 pulchra
498 2666 623 2749 quidem
650 2665 751 2749 prius,
787 2665 838 2731 sed
868 2665 986 2732 incerta
1015 2665 1170 2748 dubiaque
1199 2666 1272 2747 visa,

150 2779 222 2842 tum
245 2774 417 2840 certissima
440 2776 472 2838 et
494 2772 744 2838 constantissima
766 2771 864 2837 videri
886 2772 983 2854 possit
1005 2770 1117 2856 quippe
1132 2774 1196 2838 tam
1220 2773 1273 2838 diu

150 2883 232 2948 dona
247 2900 301 2947 sua
324 2879 472 2946 Romanis
494 2877 661 2962 impertita.
693 2879 748 2943 Ion
770 2880 860 2960 posu
883 2877 1037 2944 fortunam
1061 2881 1093 2943 et
1115 2877 1273 2956 umerum,

149 3004 338 3072 quamquam
368 2987 450 3050 inter
479 3004 511 3051 se
542 2984 768 3050 dissimillimas
798 2984 878 3063 sint,
909 2986 1013 3048 tamen
1040 2983 1273 3050 simillimarum

150 3114 255 3160 rerum
289 3111 411 3159 causam
451 3091 628 3175 fontemque
667 3089 745 3156 dicit
779 3092 942 3171 utramque
977 3090 1117 3156 homines
1157 3092 1274 3174 gloriae

150 3199 372 3283 potestatisque
401 3198 566 3281 participes
588 3196 763 3262 facientem.
812 3197 856 3260 lle
885 3195 994 3260 mundi
1023 3214 1141 3279 quoque
1164 3199 1274 3263 natura

151 3307 302 3388 rebusque
336 3303 528 3370 naturalibus
570 3302 743 3385 discrepant
777 3301 964 3380 sententiae,
1003 3303 1109 3367 utrum
1144 3323 1160 3367 e
1194 3304 1274 3369 forte

151 3414 275 3478 fortuna
296 3431 336 3476 an
358 3409 542 3493 asapieutia
564 3411 649 3475 ortae
669 3409 742 3487 sint,
765 3407 847 3493 quod
869 3406 906 3472 de
926 3408 1133 3473 Romanorum
1156 3428 1274 3494 quoque

151 3517 282 3601 imperio
305 3516 471 3601 quaeritur.
519 3516 705 3583 Plutarchus
735 3516 882 3581 virtutem
914 3515 946 3578 et
975 3514 1131 3579 fortunam
1154 3515 1275 3599 aequah

153 3624 242 3690 modo
272 3624 310 3689 ad
333 3625 541 3689 Romanorum
565 3622 730 3705 imperium
754 3619 1005 3687 constituendum
1029 3621 1198 3703 plurimum
1221 3641 1274 3688 va-

150 3722 245 3797 luisse
268 3734 381 3796 ceuset.
419 3728 519 3794 Sicuti
540 3729 578 3794 ah
601 3727 668 3813 igni
692 3731 724 3793 et
746 3730 828 3793 terra
852 3727 999 3794 mundum
1016 3728 1186 3810 protectum
1209 3746 1274 3794 esse

225 3927 252 3992 1)
270 3925 468 3980 Plutarchische
486 3924 607 3991 Studien,
625 3923 768 3992 Augshurg
787 3922 865 3978 1885.

224 4015 252 4079 2)
278 4013 315 4069 cf.
341 4015 370 4069 Ia
393 4014 542 4080 Preller‚
566 4012 704 4068 Rdmisohe
729 4011 906 4081 Mythologie,
930 4029 957 4081 p.
983 4010 1100 4079 554sqq.
1136 4007 1165 4062 F.
1191 4008 1274 4061 Roo-

151 4105 250 4172 siger
267 4103 286 4157 l.
305 4120 337 4171 a,
355 4120 381 4172 p.
397 4103 439 4157 14.
466 4102 575 4155 Minime
594 4101 713 4156 omnibus
732 4102 776 4154 hle
793 4102 857 4155 loeis
876 4101 967 4168 tyehes
985 4099 1117 4152 notionem
1132 4097 1274 4151 secundum

150 4191 287 4259 Roesigeri
306 4191 464 4245 sententiam
483 4192 515 4244 ut
528 4190 622 4243 fortem
636 4207 776 4260 casumque
791 4205 894 4242 caecum
908 4186 1086 4257 accipiendum
1100 4202 1165 4253 esse,
1179 4185 1275 4239 disser-

150 4281 253 4347 tatione
271 4280 428 4351 procedente
446 4279 620 4333 ostendemus.

1484 4218 1526 4533 l
