3084 4834
352 416 511 494 lustinus,
541 419 594 502 qui
624 419 762 500 Pompeii
799 419 893 501 Trogi
925 417 1121 483 historiarum
1159 418 1403 500 Philippicarum

289 524 442 606 epitomen
465 525 597 607 scripsit,
622 525 717 603 nobis,
742 546 812 590 cum
836 526 989 591 fortunam
1005 525 1124 606 saepius
1142 525 1257 601 afferat,
1281 543 1404 589 causam

287 630 436 712 praebuit,
460 651 513 695 our
537 633 717 714 Pompeium
740 634 875 715 Trogum
899 632 1053 697 fortunam
1075 631 1277 713 plurimarum
1300 651 1405 696 rerum

287 740 440 812 auctorem
472 738 585 821 fingere
618 758 677 804 non
706 739 899 805 abhorruisse
928 739 1123 804 coniciamus.
1169 738 1311 804 Justinus
1341 739 1404 802 lor-

289 847 393 908 tunam
419 845 556 911 omnium
580 866 682 911 rerum
704 847 843 929 reginam
868 846 1036 928 praedicat,
1060 865 1137 927 quae
1161 843 1250 909 modo
1272 843 1406 908 secunda

288 950 377 1016 modo
407 952 532 1016 adversa
562 952 598 1017 de
629 972 731 1017 rerum
762 954 908 1018 varietate
937 972 973 1017 ao
1002 954 1172 1016 mutatione
1207 951 1317 1034 gaudio
1351 969 1405 1014 ex·

289 1057 393 1122 sultat.
447 1059 598 1123 Permulti
628 1059 687 1125 loci
723 1059 794 1124 addi
825 1063 967 1142 possunt3
997 1059 1048 1123 sed
1078 1058 1234 1123 sufficiant
1261 1058 1300 1133 ii,
1331 1075 1406 1140 quos

289 1182 325 1227 ex
359 1164 458 1246 prima
493 1166 639 1248 epitomes
673 1169 758 1249 parte
792 1167 987 1248 sumpsimus.
1036 1166 1061 1230 Ι.
1099 1177 1139 1230 7:
1175 1165 1247 1242 „ibi
1282 1164 1408 1229 fortuna

288 1270 397 1352 prioris
426 1272 537 1353 proelii
566 1275 739 1356 perculsum
767 1273 829 1338 iam
859 1273 962 1338 Croesi
984 1271 1149 1337 exercitum
1174 1272 1259 1336 nullo
1283 1271 1407 1355 negotio

289 1376 425 1443 fundit“.
472 1379 497 1443 Ι.
528 1390 562 1446 7:
594 1381 723 1458 „nullus
751 1383 856 1444 tamen
885 1382 1024 1445 fortunae
1053 1379 1201 1444 Candauli
1230 1397 1408 1461 comparan-

291 1481 382 1547 dus“.
438 1485 463 1548 I.
503 1495 543 1552 9:
583 1486 734 1562 „fortuna
771 1489 875 1551 tamen
920 1486 965 1550 ita
1002 1488 1126 1569 regente
1165 1485 1220 1549 illo
1258 1483 1408 1548 incolumi

290 1607 397 1672 magus
429 1591 646 1658 interficitur“.
699 1594 739 1658 ll.
773 1603 828 1658 14:
865 1593 942 1670 „sed
972 1592 1094 1658 fortuna
1120 1592 1201 1675 regis
1230 1612 1300 1656 cum
1330 1590 1408 1655 duce

292 1698 411 1762 mahta
434 1718 494 1764 non
517 1702 600 1764 est“.
645 1701 701 1764 lll.
726 1709 762 1765 4:
793 1703 939 1778 „tantum
970 1700 1030 1764 sibi
1060 1700 1109 1765 vel
1139 1699 1175 1763 de
1203 1698 1321 1763 viribus
1343 1699 1409 1762 suis

290 1803 340 1867 vel
370 1803 406 1868 de
437 1805 559 1869 fortuna
588 1807 804 1889 spondentes&
851 1808 906 1872 llI.
938 1818 974 1872 7:
1005 1807 1114 1881 „uaria
1136 1804 1321 1888 proeliorum
1344 1805 1408 1869 lor-

292 1912 402 1974 tuna“.
456 1911 492 1975 V.
527 1924 563 1978 1:
595 1914 794 1996 „consumpti
823 1914 923 1996 magis
953 1912 1091 1978 fortunae
1120 1912 1284 1986 uarietate,
1314 1929 1408 1991 quam

292 2015 368 2080 violi
390 2020 499 2082 sunt“.
547 2019 583 2084 V.
611 2031 646 2084 1:
670 2039 757 2101 ..quc
780 2040 811 2084 se
835 2019 972 2097 fortuna,
999 2021 1103 2084 eodem
1128 2019 1220 2082 etiam
1245 2018 1328 2081 lavor
1351 2018 1406 2080 ho·

291 2123 411 2187 minum
442 2124 607 2192 inclinat“.
662 2126 699 2191 V.
727 2136 764 2191 4:
794 2126 963 2209 „fieretque
994 2145 1065 2191 cum
1093 2145 1128 2190 eo
1158 2125 1237 2189 mira
1260 2123 1409 2207 quaedam

293 2230 431 2295 fortunae
454 2231 650 2299 inclinatio“.
699 2234 735 2298 V.
762 2242 801 2299 5:
825 2237 903 2316 „qui
927 2231 1178 2297 Lacedaemonios
1200 2230 1325 2296 auxiliis
1341 2229 1409 2311 opi·

292 2336 409 2418 busque
443 2340 481 2403 ad
515 2357 598 2420 spem
631 2339 771 2404 fortunae
801 2339 912 2422 prioris
941 2339 1072 2404 erexit“.
1126 2340 1161 2402 V.
1195 2347 1230 2403 6:
1266 2337 1408 2413 „iterum

293 2445 398 2507 tamar
420 2444 572 2510 fortunam
597 2446 691 2510 maris
715 2446 930 2529 experiundam
956 2446 1158 2510 decernunt“.
1205 2445 1242 2509 V.
1267 2455 1302 2510 7:
1328 2444 1409 2526 „Ly-

292 2549 400 2615 sander
433 2553 550 2628 autem,
586 2552 646 2617 dux
672 2552 995 2628 Lacedaemoniorum,
1025 2553 1115 2616 rebus
1148 2551 1282 2615 feliciter
1311 2549 1409 2632 gestis

294 2655 432 2721 fortunae
455 2659 589 2724 bostium
614 2660 780 2725 insultat“.
826 2660 864 2723 V.
889 2671 925 2726 7:
953 2679 1054 2741 „quas
1077 2661 1177 2723 metus
1199 2657 1309 2722 dubiae
1332 2655 1409 2720 belli

293 2763 433 2828 fortunae
456 2766 488 2829 in
511 2765 570 2830 lide
593 2769 769 2831 tenuerat“.
817 2767 854 2830 V.
880 2778 914 2833 7:
945 2767 1124 2844 „fortunam
1155 2763 1309 2847 publicam
1334 2781 1409 2846 que-

292 2869 391 2936 stibus
427 2872 575 2937 iterant“.
626 2873 663 2938 V.
696 2883 732 2938 7:
767 2873 1044 2955 „miserioremque
1078 2870 1281 2935 incolumium
1315 2888 1409 2953 quam

292 2977 473 3043 amissorum
507 2980 660 3044 fortunam
695 2979 899 3045 iudicantes“.
958 2980 1010 3044 Vl.
1047 2989 1082 3045 3:
1118 2977 1297 3055 „fortunam
1331 2973 1409 3040 belli

292 3086 531 3167 temptaturus“.
586 3086 637 3152 Vl.
667 3096 703 3151 4:
733 3075 795 3163 ..fit
822 3086 927 3168 itaque
957 3089 1101 3151 terrestre
1129 3083 1279 3167 proelium
1302 3081 1409 3146 eadem

293 3191 601 3258 Lacedaemoniorum
625 3194 757 3271 fortuna,
781 3213 842 3275 qua
865 3198 1035 3276 pugnatum
1057 3192 1199 3257 adversus
1214 3189 1334 3255 Conona
1354 3207 1410 3253 na·

293 3298 356 3363 vali
378 3299 492 3381 proelio
515 3302 649 3366 fuerat“.

359 3406 536 3489 Antequam
558 3410 596 3474 ad
612 3409 756 3473 Tacitum
780 3408 929 3483 uenimus,
953 3405 1083 3471 Senecae
1099 3404 1274 3487 philosophi
1291 3402 1411 3467 dictum

296 3512 428 3593 proferre
451 3514 538 3580 nobis
561 3514 662 3588 liceat,
687 3514 766 3598 quod
789 3532 984 3597 quamsaepe
1002 3513 1140 3577 notiones
1164 3513 1326 3587 „naturas
1342 3509 1411 3586 lati,

296 3618 459 3684 fortunae“
483 3625 608 3686 mutuae
632 3623 712 3686 inter
735 3642 766 3686 se
782 3622 820 3686 ad
837 3621 963 3686 eandem
979 3620 1163 3685 sententiam
1181 3616 1410 3700 exprimendam

295 3725 451 3791 adhibitae
475 3727 547 3803 sint,
572 3728 659 3792 nobis
682 3727 830 3804 ostendit,
860 3728 896 3792 de
928 3727 1052 3792 benefic.
1099 3726 1153 3790 lV.
1178 3733 1214 3791 8:
1244 3724 1298 3800 „si
1329 3742 1412 3788 nnnc

296 3835 437 3897 naturam
460 3852 563 3911 vocas,
586 3833 702 3911 falum,
726 3834 897 3912 fortunam,
928 3833 1033 3899 omnia
1054 3832 1189 3897 eiusdem
1213 3832 1262 3895 dei
1285 3831 1411 3895 nomina

295 3942 375 4017 sunt,
400 3941 482 4006 varie
497 3942 615 4006 utentis
630 3961 684 4006 sua
699 3944 886 4024 potestate“.
921 3941 1039 4021 Quibus
1054 3939 1282 4023 cognitionibus
1297 3938 1411 4015 omnia,

294 4066 370 4130 quae
404 4047 581 4112 hominibus
610 4048 736 4113 obscura
764 4052 855 4130 atque
884 4046 1114 4129 inexplicabilia
1143 4048 1246 4120 erant,
1275 4044 1412 4108 indicata

294 4172 357 4218 esso
380 4155 513 4237 recipere
536 4173 703 4236 possumus.

361 4263 486 4327 Tacitus
509 4264 634 4327 eandem
658 4262 720 4327 lere
743 4282 834 4346 quam
859 4262 971 4328 Seneca
1001 4261 1036 4326 de
1066 4261 1155 4324 rebus
1178 4258 1321 4323 humanis
1344 4259 1413 4340 opi-
