3084 4834
292 434 412 517 saepius
438 431 512 498 duas
539 429 779 514 significationes
800 428 944 507 miscmt,
967 428 1083 493 certam
1104 427 1239 493 notionis
1259 427 1412 494 rationem

292 560 328 607 ac
365 538 558 622 disciplinam
597 554 658 601 uon
694 554 781 618 posse
818 535 949 617 agnosci.
1011 534 1195 600 Plutarchus
1234 534 1413 618 saepissime

293 646 449 712 notionem
481 643 635 727 proferens
664 644 696 708 et
728 641 877 706 adhibens
910 640 976 705 eius
1009 639 1193 723 gravitatem
1229 644 1262 705 et
1295 642 1413 724 pondus

293 770 461 836 numquam
482 748 665 832 diligentius
686 747 840 831 perspexit
862 750 894 812 et
916 746 1088 825 intellexit,
1119 746 1165 813 ita
1194 749 1231 812 ut
1261 766 1317 814 nee
1339 768 1413 814 con·
1514 754 1515 757 ’

293 858 463 926 secutiones
485 858 636 939 praestare
658 855 770 938 possit,
801 874 838 920 ex
866 854 979 937 quibus
1007 872 1084 937 quae
1112 853 1155 920 sit
1176 853 1324 921 historica
1346 855 1414 922 eius
1514 924 1515 951 i

294 965 388 1042 ratio,
419 962 613 1028 efficiendum
642 965 674 1026 et
703 961 872 1045 cogendum
901 961 952 1025 sit.
998 960 1064 1025 Iam
1095 979 1186 1043 supra
1208 962 1413 1044 exposuimus,
1514 964 1515 973 ’

293 1090 383 1156 quam
415 1088 503 1151 saepe
531 1069 565 1132 in
593 1068 691 1133 nostri
718 1087 837 1151 quoque
866 1067 1012 1150 temporis
1040 1066 1170 1132 historia
1197 1068 1415 1135 conscribenda
1514 1048 1515 1071 ¹

295 1177 435 1243 notiones
459 1173 600 1253 ,‚Gllich,
631 1173 744 1253 Zufall,
776 1174 969 1256 Vorsehung,
998 1172 1182 1239 Sohiohsal“
1212 1174 1415 1257 proferant-ur,

295 1299 478 1368 quamquam
506 1300 525 1345 a
553 1299 656 1347 severa
684 1279 831 1345 historiae
860 1278 1023 1362 disciplina
1051 1279 1085 1343 iu
1113 1279 1224 1362 primis
1250 1281 1415 1348 adrerum

297 1408 401 1456 causas
423 1389 579 1472 spectante
601 1386 808 1470 negleguntur
829 1386 862 1451 et
883 1384 1091 1469 repudiantur.

363 1494 481 1561 Deinde
520 1491 744 1576 respiciendum
786 1494 833 1557 est
869 1491 1073 1557 Plutarchum
1109 1494 1214 1576 tyches
1258 1494 1417 1561 notionem

297 1602 417 1686 saepius
445 1619 505 1666 non
535 1618 572 1665 er
600 1617 654 1664 suo
684 1596 811 1663 consilio
839 1616 875 1663 ao
903 1598 1022 1663 ratione
1050 1599 1172 1676 afferre,
1207 1601 1260 1665 sed
1288 1603 1328 1666 ab
1356 1603 1418 1668 alio

298 1708 445 1792 scriptore
469 1705 605 1773 mutuari
628 1707 660 1770 et
675 1723 827 1771 assumere
842 1706 876 1789 ¹).
922 1704 1122 1770 Plutarchum
1145 1705 1338 1773 insontibus
1359 1709 1418 1773 eli-
1514 1692 1515 1695 ¹

208 1859 210 1864 -
279 1815 407 1900 gendis
430 1817 462 1879 et
484 1813 666 1880 adhibendis
688 1811 790 1877 minus
810 1812 977 1895 diligenter
996 1812 1093 1895 egisse
1116 1812 1179 1878 iarn
1201 1833 1293 1896 supra
1315 1819 1418 1881 osten-

300 1922 411 1988 dimus.
449 1921 576 1986 Ooustat
598 1920 800 1985 Plutarchum
821 1919 950 2002 saepius,
973 1918 1053 2001 quod
1067 1918 1106 1983 ad
1122 1919 1272 1985 iudicium
1295 1922 1419 2001 attinet,

301 2029 458 2094 infirmum
474 2029 507 2092 et
528 2026 657 2091 aliorum
680 2025 843 2091 sententiis
866 2025 1037 2091 subiectum
1054 2028 1145 2109 atque
1167 2026 1331 2092 obnoxium
1356 2048 1421 2093 esse

300 2139 332 2200 et
361 2133 437 2218 ipsis
466 2133 557 2212 locis,
587 2132 642 2198 ubi
670 2152 758 2198 suam
787 2133 883 2216 ipsius
912 2132 1088 2215 opinionem
1119 2136 1151 2198 et
1172 2132 1325 2216 priuatam
1348 2155 1421 2218 per-

300 2240 473 2308 suasionem
512 2239 679 2324 exprimere
717 2239 852 2318 videtur,
896 2240 1028 2305 aliorum
1067 2238 1236 2305 doctrinam
1274 2241 1420 2323 proferre.

301 2347 402 2429 Quare
430 2347 615 2412 Plutarchus
650 2347 687 2413 ad
722 2345 924 2430 cogitationes
957 2346 1149 2429 rationesque
1181 2346 1276 2412 totius
1310 2347 1423 2430 prioris

301 2453 412 2520 aetatis
451 2452 671 2537 cognoscendas
709 2451 909 2537 gravissimus
946 2456 1051 2518 auctor
1089 2472 1153 2517 esse
1191 2452 1313 2519 ridetur
1326 2456 1354 2536 2)
1386 2473 1423 2519 ac

303 2559 440 2626 lontibus
470 2559 651 2643 diligentius
679 2559 871 2642 inquirendis
900 2559 1108 2642 exponendum
1146 2562 1208 2639 est,
1242 2561 1357 2642 quibus
1386 2580 1422 2625 er

302 2665 441 2732 fontibus
464 2666 511 2731 vel
533 2666 710 2732 auctoribus
725 2666 885 2731 Plutarchi
902 2666 1039 2744 moralia,
1062 2685 1139 2749 quae
1154 2665 1310 2744 dicuutur,
1333 2686 1421 2749 prae-

304 2774 393 2855 cipuo
423 2772 574 2855 pendeant
588 2774 622 2857 ³).
678 2772 737 2837 Sed
767 2773 991 2837 concedendum
1029 2774 1076 2837 est
1112 2772 1332 2851 Plutarchum,
1368 2772 1422 2838 ubi

306 2881 411 2965 tpohes
426 2880 583 2945 notionem
598 2882 738 2962 prompto
753 2882 856 2945 animo
871 2898 906 2944 ac
921 2879 1055 2944 libenter
1069 2879 1197 2962 accepit,
1213 2898 1281 2944 eam
1297 2879 1423 2944 omnino

306 2987 458 3071 probasse,
481 2986 527 3052 ita
542 2989 577 3051 ut
592 2986 676 3050 varia
689 2984 824 3051 notionis
839 2986 871 3050 in
888 2985 1009 3068 scriptis
1023 2986 1087 3051 suis
1102 2985 1287 3068 significatio
1309 2984 1424 3069 ubique
1514 3014 1515 3021 ¹

307 3113 344 3159 er
366 3112 420 3159 sua
443 3092 541 3176 ipsius
562 3092 755 3175 persuasione
777 3111 814 3158 ac
836 3092 961 3157 consilio
984 3092 1065 3158 facta
1087 3111 1151 3157 esse
1173 3092 1322 3158 videatur.

380 3362 407 3426 1)
423 3359 453 3415 F.
471 3360 651 3429 Roesiger,
669 3360 688 3414 l.
707 3377 742 3427 a,
766 3359 883 3413 ostendit
900 3359 1073 3414 Plutarchum
1091 3360 1118 3413 in
1138 3360 1199 3414 vitis
1216 3359 1320 3429 Pyrrhi,
1338 3358 1424 3426 Arati,

307 3447 409 3518 Agidis,
429 3440 582 3517 Cleomenis,
600 3449 628 3503 in
647 3449 742 3520 quibus
761 3448 937 3517 Phylarchum
955 3451 1088 3503 auctorem
1106 3449 1188 3502 habet
1205 3449 1301 3518 tyohen
1318 3465 1425 3519 perraro

308 3539 468 3607 offerentum,
487 3556 529 3593 res
548 3539 653 3593 minime
671 3539 695 3592 ei
713 3537 796 3592 tribui
813 3538 887 3592 velle.
915 3538 967 3592 Sed
984 3539 1073 3605 Duris,
1092 3539 1160 3592 alius
1174 3538 1311 3592 Plutarchi
1324 3540 1425 3604 auctor,

307 3645 452 3699 propensus
470 3631 513 3682 est
531 3631 560 3682 et
577 3628 710 3698 operosius
734 3628 843 3682 molitur
865 3627 899 3681 ad
923 3628 1023 3682 animos
1048 3628 1174 3683 orationis
1198 3627 1355 3697 expolitione
1373 3643 1426 3680 mo-
1514 3624 1515 3637 ²

306 3718 412 3785 vendes,
431 3734 509 3788 quam
527 3717 687 3772 Plutarchus
706 3734 809 3788 quoque
828 3720 934 3772 secutus
952 3720 1002 3784 est,
1020 3718 1060 3771 ita
1078 3721 1110 3772 ut
1122 3718 1150 3771 in
1163 3716 1293 3786 partibus,
1312 3715 1425 3787 adquae

306 3807 433 3861 Duridem
452 3823 574 3876 magnam
592 3807 644 3861 vim
662 3807 785 3862 habuisse
803 3807 937 3876 cognitum
956 3810 1012 3874 est,
1031 3807 1134 3878 aequali
1152 3806 1228 3860 modo
1246 3822 1277 3859 ac
1294 3805 1376 3859 Duris
1393 3805 1425 3859 de

308 3896 400 3965 tyches
418 3896 526 3967 imperio
545 3896 671 3951 disserere
690 3897 805 3951 studeat.
841 3895 932 3950 Vitam
949 3896 1142 3962 Demosthenis,
1161 3913 1227 3966 quae
1245 3895 1381 3966 praecipue
1395 3910 1426 3947 ex

308 3986 408 4040 Duride
426 3986 531 4056 pendet,
550 3985 709 4040 Plutarchus
727 3985 761 4039 ad
779 4002 856 4040 suum
874 3986 1012 4040 arbitrium
1030 3985 1192 4040 retractavit.

379 4094 407 4159 a)
425 4091 463 4148 cr.
481 4092 510 4148 u.
529 4092 698 4162 stamius,
717 4093 735 4148 1.
754 4110 776 4148 ο.
795 4092 817 4160 1,
835 4092 879 4148 40.

380 4201 408 4266 3)
425 4199 462 4253 M.
481 4198 581 4267 Trou,
607 4200 659 4254 Zur
678 4197 834 4255 Geschichte
852 4199 906 4253 und
924 4188 1124 4266 Uberlieferung
1145 4214 1196 4251 von
1213 4195 1354 4250 Plutarnhe
1370 4195 1427 4248 Mo-

310 4288 384 4343 ralia.
402 4288 424 4358 1,
442 4288 621 4359 Waldenburg
640 4291 718 4346 1876.
