3084 4834
163 470 253 518 ossus
274 451 420 536 fortisque
442 455 624 534 potestatem
640 453 795 536 praedicat
810 453 924 519 locutio
939 473 1015 537 quae
1031 457 1079 520 est
1093 452 1162 520 ἀπὸ
1175 454 1279 543 τύχης.

165 558 297 636 Mariae,
322 566 381 624 26:
411 560 486 636 τοὺς
514 558 699 646 βαρβάρους
725 558 796 625 άπὸ
817 559 913 646 τύχης
934 572 1141 648 συρραγῆναι.
1188 562 1280 626 Pom·

163 665 262 749 peius,
286 672 346 731 42:
368 676 433 729 των
455 662 524 730 άπὸ
546 676 605 753 της
626 665 721 752 τύχης
742 663 888 750 ἀγαθον.
932 665 1112 742 Alexander,
1137 675 1195 733 20:
1217 679 1282 732 τον

163 769 236 835 άπὸ
264 781 322 855 της
350 770 444 859 τύχης
474 769 691 857 ὑπαρχόντων.
743 771 821 836 Mor.
853 778 893 837 35
907 771 947 837 C:
982 760 1058 837 ἀλλ’
1090 770 1158 839 ἀπὸ
1186 771 1282 860 τύχης

162 876 336 963 γινόμενον.
388 877 487 944 aoB:
523 874 581 943 οὐκ
608 875 678 943 άπὸ
706 877 802 965 τύχης
829 865 903 943 οὐδ’
934 875 1135 958 αὐτομάτως.
1188 887 1228 945 97
1242 878 1281 945 O:

164 982 237 1050 άπὸ
259 984 361 1071 τύχης.
409 991 450 1050 98
464 982 503 1049 C:
533 980 592 1049 οὐκ
619 982 689 1049 άπὸ
716 984 811 1071 τύχης
841 975 912 1049 οὐδ’
938 981 1137 1068 αύτομάτως.
1186 993 1226 1052 99
1240 985 1281 1049 D:

162 1092 212 1168 ὡς
243 1088 316 1156 οὐδὲ
345 1090 467 1157 τούτων
493 1088 684 1175 γιγνομένων
712 1089 782 1156 άπὸ
815 1089 918 1178 τύχης.
966 1099 1006 1158 99
1021 1093 1061 1157 lo:
1090 1089 1160 1157 άπὸ
1187 1091 1283 1179 τύχης

164 1195 224 1264 καὶ
248 1195 448 1280 αὐτομάτως.
495 1198 618 1264 aaeA:
648 1195 717 1263 οπο
738 1197 843 1286 τύχης.
890 1206 954 1264 aee
967 1198 1011 1263 A:
1041 1187 1091 1275 τίς
1112 1196 1283 1282 γινομένων

162 1300 259 1369 ἐνίων
287 1302 356 1369 άπὸ
377 1303 481 1391 τύχης.
527 1311 591 1370 399
605 1305 644 1369 lo:
675 1292 751 1368 ἀλλ’
783 1302 853 1369 άπὸ
880 1303 975 1392 τύχης
1001 1302 1059 1369 καὶ
1082 1301 1281 1387 αύτομάτως.

165 1418 230 1478 571
245 1411 287 1474 n:
324 1408 399 1477 τότε
436 1411 475 1498 ὃν)
509 1408 566 1476 καί
599 1411 639 1476 τὸ
671 1409 741 1477 άπὸ
774 1411 870 1499 τύχης
908 1411 1191 1499 προςαγορεύεται.
1243 1411 1282 1478 of.

167 1537 196 1601 p.
234 1524 285 1584 35.
332 1502 453 1583 79893
487 1514 608 1583 πολλοὶ
639 1515 676 1583 δὲ
708 1516 778 1583 άπὸ
811 1529 869 1605 της
903 1518 999 1605 τύχης
1024 1517 1191 1604 ἁψάμενοι
1219 1531 1284 1584 τῶν

164 1635 283 1689 κοινῶν
303 1623 360 1687 καί
376 1620 651 1711 ἀναπλησθέντες.
692 1630 777 1690 1059
790 1624 834 1689 B:
857 1620 916 1690 οὐκ
937 1623 1006 1691 άπὸ
1029 1623 1123 1712 τύχης
1145 1612 1221 1689 ἀλλ’
1247 1622 1284 1690 ἐκ

163 1726 331 1817 προνοίας.
372 1729 515 1795 Oonleras
537 1748 648 1813 quaeso
670 1730 763 1795 etiam
781 1729 845 1795 Vit.
869 1738 932 1796 103
947 1731 981 1796 n.
1006 1738 1068 1796 929
1083 1730 1120 1795 D.
1146 1739 1231 1798 1036
1244 1731 1282 1795 Α.

233 1836 336 1920 Tyobe
357 1835 520 1919 pluraliter
534 1836 630 1902 allata
651 1836 789 1920 singulos
804 1836 995 1902 fortunarum
1010 1856 1097 1902 nasus
1112 1838 1283 1920 significare

163 1942 254 2009 solet.
292 1942 383 2008 Dion.
408 1950 444 2007 2:
468 1938 504 2006 ui
519 1940 556 2008 δὲ
577 1942 670 2024 τύχαι
686 1946 757 2021 τοῖς
774 1943 998 2026 συμπτώμασι
1019 1942 1144 2025 μᾶλλον
1166 1944 1186 2032 ἢ
1208 1947 1282 2022 ταῖς

164 2047 397 2136 προαιρέσεσιν
424 2044 519 2115 οὖσαι
545 2044 581 2115 αί
608 2046 715 2114 αύταί.
747 2049 921 2116 Consolatio
943 2048 982 2114 ad
1005 2049 1222 2132 Apollonium:
1245 2051 1283 2116 τὸ

165 2158 228 2243 γὰρ
251 2157 296 2244 μὴ
319 2142 366 2221 δι’
393 2155 490 2222 αὑτὸν
510 2169 620 2233 κακῶς
641 2155 799 2243 πράττειν
821 2155 839 2221 ὁ
860 2154 920 2239 μὲν
942 2155 1101 2243 Κράντωρ
1124 2154 1225 2244 φησίν
1247 2154 1284 2222 ού

162 2263 283 2346 μικρὸν
310 2254 393 2328 εἶναι
416 2262 583 2350 κούφισμα
612 2264 697 2349 πρὸς
719 2263 779 2340 τὰς
801 2261 913 2344 τύχας,
944 2260 1006 2346 ἐγὼ
1034 2251 1067 2327 δ’
1093 2263 1133 2327 ov
1154 2258 1284 2347 είποιμι

164 2369 341 2458 φάρμακον
363 2366 507 2447 ἀλυπίας
529 2361 614 2435 εἶναι
636 2366 796 2454 μέγιστον.
842 2367 965 2452 Septem
994 2368 1180 2453 sapientium
1204 2369 1283 2436 Con-

165 2476 302 2542 vivium:
332 2475 447 2542 άλλοτε
473 2478 533 2564 γάρ
559 2475 658 2555 άλλος
684 2474 754 2542 ἐστὶ
783 2479 858 2553 ταῖς
882 2472 1021 2562 χρείαις,
1045 2475 1101 2540 διὰ
1124 2478 1183 2553 τὰς
1205 2474 1283 2541 ἑπι-

166 2579 292 2666 θυμίας
315 2581 372 2649 καὶ
395 2583 455 2661 τὰς
474 2583 580 2667 τύχας.
612 2582 673 2664 Qui
689 2582 813 2666 quidem
829 2582 890 2647 1οοί
908 2582 1071 2664 ascriptis,
1094 2583 1132 2647 de
1153 2601 1283 2667 quorum

165 2688 288 2772 origine
303 2689 488 2755 Plutarohea
509 2689 678 2768 dubitatur,
702 2689 795 2772 petiti
815 2691 896 2755 sunt
927 2687 986 2754 Sed
1001 2693 1084 2754 certe
1100 2689 1284 2755 Plutarchus

165 2796 273 2881 tynhes
296 2815 405 2861 nomen
427 2815 516 2879 saepe
537 2796 698 2879 pluraliter
715 2795 851 2873 adhibet,
874 2797 910 2860 ut
929 2796 1093 2861 mutabilia
1110 2795 1284 2880 incertaque

166 2899 330 2987 exprimat.
376 2903 529 2971 Aemilius
552 2903 680 2980 Paulus,
705 2911 765 2970 34:
789 2900 873 2968 ἀλλὰ
895 2890 980 2968 καθ’
1000 2889 1143 2991 Ὅμηρον
1164 2900 1284 2988 άριστα

165 3010 291 3077 δοκῶσι
318 3009 475 3097 πράττειν
508 3000 557 3088 οίς
591 3005 626 3076 αἱ
656 3010 749 3090 τύχαι
778 3010 904 3097 τροπὴν
933 2998 992 3076 ἐπ’
1023 3008 1192 3097 ἀμφύτερα
1220 3020 1285 3073 τῶν

168 3116 373 3205 πραγμάτων
396 3113 529 3199 ἔχουσιν.
575 3118 614 3182 εί.
637 3136 666 3199 p.
692 3125 743 3183 40.
782 3115 955 3182 Consolatio
977 3115 1015 3181 ad
1032 3114 1229 3198 Apollonium
1247 3122 1286 3179 5:

166 3225 253 3291 ούτω
275 3222 332 3290 καί
356 3222 389 3289 ἐν
409 3220 473 3310 βίῳ
488 3220 612 3289 πολλαί
627 3221 685 3288 καί
701 3219 855 3288 ποικίλαι
869 3220 1081 3309 περιστάσεις
1101 3219 1285 3305 γιγνόμεναι

168 3332 254 3418 πρὸς
276 3330 337 3407 τὰς
366 3326 514 3407 ἐναντίας
541 3328 735 3416 περιάγουσι
764 3329 839 3406 τοὺς
868 3327 1065 3415 ἀνθρώπως
1093 3326 1199 3408 τύχας.
1246 3327 1285 3392 of.

168 3456 198 3518 p.
222 3445 274 3501 41.
321 3436 406 3502 Cous.
431 3436 470 3501 ad
492 3436 595 3518 Apoll.
621 3445 657 3503 6:
686 3433 873 3522 ἀνθρώπων
895 3435 955 3520 γὰρ
978 3429 1077 3510 άντως
1098 3434 1205 3522 θνητὰ
1226 3431 1286 3516 μὲν

171 3540 226 3608 καί
257 3541 403 3631 ἐφήμερα
431 3542 651 3626 τὰσώματα,
683 3539 804 3629 θνηταὶ
828 3537 864 3605 δὲ
891 3539 983 3621 τύχαι
1006 3536 1064 3604 καί
1086 3538 1199 3628 πάθη,
1228 3538 1286 3605 καὶ

172 3637 276 3715 παντ’
301 3649 417 3727 άπλως
439 3651 481 3715 τά
503 3650 589 3715 κατά
611 3649 667 3714 τὸν
688 3645 770 3733 βίον,
794 3647 832 3712 of.
856 3666 885 3729 p.
909 3655 961 3713 42.
1000 3646 1036 3711 de
1051 3647 1138 3721 Rom.
1162 3648 1231 3713 fort.
1249 3656 1286 3712 22
1384 3699 1388 3706 .

170 3756 255 3820 κατὰ
284 3756 382 3838 τύχας
411 3753 637 3838 ἐλαυνομένων.
681 3756 721 3820 ci.
749 3774 780 3838 p.
811 3762 863 3820 38.
911 3752 948 3818 do
971 3752 1059 3820 Alex.
1091 3752 1161 3818 fort.
1184 3754 1224 3817 Π.
1249 3761 1285 3820 8:

168 3862 271 3941 ούτως
287 3858 322 3928 ai
337 3864 431 3946 τύχαι
446 3873 579 3929 ποιοῦσι
590 3861 745 3946 βασιλεῖς,
760 3857 1027 3948 μεταμφιέζουσι,
1042 3858 1286 3946 μεταγράφουσι

167 3970 258 4052 ταχύ,
281 3966 409 4056 ῥαδίως,
431 3972 476 4058 μὴ
499 3966 769 4058 προςδεχομένοος
789 3955 869 4055 μήύ>
898 3963 1100 4047 ἐλπίζοντας.
1138 3964 1286 4030 Gentium

167 4095 287 4162 quoqne
302 4078 448 4161 propitias
462 4080 560 4160 τύχας
574 4077 662 4142 affert
677 4076 872 4141 Plutarchus.
911 4074 1056 4149 Phocion,
1082 4081 1118 4137 1:
1143 4067 1179 4137 οὶ
1192 4070 1287 4151 τύχαι

166 4195 227 4271 τῆς
247 4172 410 4262 Ἑλλάδος.
456 4185 496 4250 ef.
519 4203 549 4267 p.
573 4193 626 4251 47.

238 4290 292 4356 lV.
327 4290 442 4371 Quarto
473 4293 564 4377 tycho
594 4289 771 4356 instabilem
802 4287 1008 4369 mobilemque
1038 4285 1102 4351 rim
1125 4283 1288 4367 signifieat,
