3084 4834
21 4396 140 4781 l‘

311 435 433 521 ὁμοίως
463 436 608 519 ἀνασχὼν
635 438 695 515 τὰς
722 433 848 524 χεέρας,
889 438 1105 526 καθιερώσειν
1145 438 1203 527 τὴν
1244 439 1339 528 τύχην
1373 452 1429 529 τῆς

313 541 435 634 ἡμέρας
450 540 579 632 ἐκείνης.
612 544 743 610 Romani
760 544 981 610 venerabantur
996 545 1175 622 „fortunam
1190 544 1318 611 huiusce
1333 547 1429 628 diei“,

310 669 388 735 quae
430 650 616 717 Graecorum
652 648 757 737 καιρῷ
793 650 961 732 respondet.
1014 651 1052 715 de
1082 651 1169 717 Alex.
1203 652 1274 718 furt.
1304 653 1352 729 Il,
1387 664 1429 720 4:

313 759 398 844 πρὸς
428 757 486 845 τὴν
511 756 585 823 τότε
613 756 716 844 τύχην.
763 756 882 837 Quibus
911 758 1057 840 exemplis
1086 777 1157 824 cum
1183 763 1328 841 appareat
1355 763 1429 826 Plu·

313 865 455 931 tarchum
482 864 593 947 tychen
614 864 734 947 saepius
754 865 791 928 ut
811 863 939 947 genium
966 863 1097 942 finxisse,
1124 865 1213 930 facile
1240 866 1429 947 adducimur,

312 976 349 1036 ut
374 970 535 1036 credamus
558 970 758 1035 Plutarchum
786 971 963 1035 eRomanc
985 971 1070 1054 genii
1099 970 1186 1036 cultu
1215 991 1301 1037 suam
1325 975 1429 1057 tychm

312 1077 570 1161 significationem
593 1076 739 1141 hausisse.
784 1075 844 1142 Sed
874 1076 973 1141 multu
996 1076 1094 1159 magis
1122 1096 1215 1160 quam
1237 1080 1328 1162 tyche
1351 1083 1429 1163 apud

312 1183 446 1250 Graecus
467 1202 521 1266 pru
543 1183 635 1266 genic
657 1185 719 1249 stat
742 1183 887 1260 daemon,
910 1183 964 1266 qui
987 1183 1076 1249 mcdc
1099 1183 1196 1249 benus
1218 1185 1308 1251 modo
1331 1188 1429 1254 malus

312 1289 503 1374 praedicatur
518 1291 551 1373 ¹).
597 1288 674 1355 Cum
702 1287 813 1372 genius
841 1307 960 1371 semper
987 1288 1083 1355 bonus
1105 1309 1141 1356 ac
1167 1289 1246 1356 fidus
1269 1292 1428 1359 hominnm

312 1398 433 1462 menter
455 1396 512 1471 sit,
542 1396 596 1479 qui
619 1394 788 1461 commodis
814 1414 918 1460 eornm
941 1394 1133 1478 utilitatique
1156 1398 1285 1476 serviat,
1315 1399 1429 1465 Graeca

311 1521 430 1587 quoque
455 1502 532 1588 τύχη
559 1502 735 1586 saepissime
761 1504 891 1584 augetur
917 1505 949 1567 et
974 1505 1098 1567 ornatur
1131 1504 1276 1570 vocabule
1307 1505 1428 1594 ἀγαθή.

312 1608 468 1674 Aemilius
502 1607 637 1686 PauluS,
674 1617 734 1673 12:
769 1608 865 1695 τέχην
897 1606 1027 1696 ἀγαθὴν
1060 1606 1138 1696 περὶ
1171 1611 1214 1675 τὰ
1248 1611 1429 1698 πράγματα
1453 1600 1456 1607 ’
1519 1660 1520 1665 1

312 1713 475 1801 γενέσθαι.
529 1714 707 1789 Marcellus,
739 1721 775 1779 3:
806 1714 999 1797 θαυμαστὸν
1026 1711 1086 1798 μέν
1115 1713 1220 1782 ἐδόκει
1249 1716 1307 1782 καὶ
1336 1720 1431 1808 τύχης
1519 1772 1520 1793 ,

314 1820 445 1908 ἀγαθῆς
468 1819 630 1907 γενέσθαι.
671 1821 814 1904 Pyrrhus,
830 1830 889 1887 29:
912 1808 978 1908 ἡδ’
1001 1819 1113 1909 ἀγαθὴ
1128 1821 1205 1909 τύχη
1220 1835 1278 1912 της
1292 1824 1429 1903 πόλεως.

312 1928 350 1993 de
373 1928 462 1994 Rom.
487 1928 558 1993 fort.
581 1936 618 1993 9:
648 1925 731 1992 ἀλλὰ
753 1932 869 2009 Νομᾶς
895 1922 981 1992 ἔοικε
1002 1929 1059 2015 τὴν
1081 1926 1211 2017 ἀγαθὴν
1232 1931 1327 2019 τύχην
1349 1928 1430 2013 ἔχειν

312 2034 358 2112 ὡς
388 2033 522 2123 ἀληθῶς
559 2033 704 2099 σύνοικον
738 2031 796 2098 καὶ
830 2031 979 2120 συνέδρου
1011 2031 1069 2099 καὶ
1102 2034 1328 2122 συνάρχουσαν.
1380 2039 1431 2104 aa

313 2140 440 2226 ἀγαθὸς
462 2136 589 2223 δαίμων
611 2140 660 2205 vel
683 2137 795 2227 ἀγαθὴ
818 2140 894 2226 τύχη
917 2139 1096 2222 plerumque
1118 2141 1327 2209 Romanarum
1350 2145 1430 2223 „bc-

311 2266 386 2313 num
410 2249 554 2313 eventurn
562 2253 580 2282 ‘⁴
610 2245 764 2328 significat
777 2246 812 2329 ²).
858 2245 918 2311 Sed
946 2245 1105 2312 redeamus
1133 2247 1171 2312 ad
1194 2249 1357 2319 materiam
1378 2252 1430 2316 in·

310 2354 463 2420 stitutum.

378 2460 562 2526 Plutarchus
591 2459 670 2524 hanc
698 2476 816 2542 quoqne
846 2476 909 2523 essa
939 2458 1135 2541 sapientiam,
1166 2479 1202 2525 ne
1231 2461 1355 2529 fortuna
1382 2463 1429 2529 uti

309 2585 347 2633 ac
374 2566 437 2631 frui
465 2566 655 2650 ignoremus,
685 2567 799 2629 censet.
849 2562 951 2642 Sulla,
982 2573 1041 2631 30:
1072 2565 1197 2645 Σύλλας
1227 2564 1264 2633 δέ
1290 2564 1430 2655 μετρίως

310 2674 353 2739 τὰ
375 2684 494 2759 πρῶτα
516 2669 574 2737 καὶ
597 2671 779 2748 πολιτικῶς
801 2670 961 2758 ὁμιλήσας
982 2670 1025 2760 τῇ
1048 2672 1133 2760 τύχη.
1179 2673 1344 2753 Lucullus,
1370 2684 1428 2742 332

310 2781 368 2868 τὴν
389 2779 484 2868 τύχην
507 2775 667 2866 ἑπομένην
689 2781 928 2864 συστρατηγεῖν.
974 2777 1105 2857 Crassus,
1131 2791 1188 2846 11:
1214 2779 1370 2868 Κράσσου
1393 2779 1429 2847 δὲ

311 2886 355 2976 τῇ
377 2887 453 2975 τύχη
474 2883 683 2974 χρησαμένου.
729 2885 799 2950 Nic.
823 2887 855 2949 et
876 2884 976 2951 Crassi
1002 2905 1097 2969 ccmp.
1115 2894 1151 2952 5:
1174 2885 1266 2952 οὐδὲν
1287 2885 1330 2976 τῇ
1353 2888 1429 2976 τύχη

308 2994 446 3082 χρηστὸν
461 2990 706 3071 ἀποδείξασθαι
721 3003 875 3079 παρῆκεν.
904 2993 971 3057 Huc
985 3011 1102 3077 quoque
1118 3012 1206 3077 saepe
1222 2995 1254 3059 in
1267 2995 1431 3060 Plutarchi

311 3101 433 3184 scriptis
458 3101 602 3176 versatur,
626 3099 765 3164 furtunae
788 3118 930 3182 campum
953 3099 1178 3165 concedendum
1201 3121 1282 3178 esse,
1312 3102 1347 3166 in
1369 3119 1430 3186 quc

308 3207 463 3274 assiduam
484 3207 653 3290 utilemque
676 3224 707 3271 se
727 3206 871 3289 praebere
893 3205 999 3287 possit.
1038 3205 1198 3285 Sertorius,
1223 3217 1258 3272 1:
1281 3207 1432 3295 ἄφθονον

310 3309 375 3395 ἔχει
410 3325 467 3402 της
502 3325 566 3377 τῶν
603 3309 868 3394 ἀποτελουμένων
903 3311 1094 3400 ὁμοιότητος
1126 3315 1261 3402 χορηγὸν
1297 3314 1316 3402 η
1351 3314 1430 3402 τύχη

310 3421 368 3508 τὴν
390 3431 447 3507 της
470 3419 546 3507 ύλης
565 3414 729 3505 εὐπορίαν,
770 3418 942 3501 Pompeiuu,
967 3427 1026 3485 53:
1050 3419 1150 3497 οὕτως
1172 3420 1192 3508 ἡ
1214 3419 1290 3508 τύχη
1312 3420 1432 3506 μικρόν

309 3522 381 3591 ἐστι
410 3525 494 3611 πρὸς
522 3525 706 3612 τὴνφύσιν.
753 3523 821 3604 Quo
850 3523 916 3589 lucc
939 3525 1122 3591 Plutarchus
1145 3525 1226 3590 haud
1249 3525 1432 3609 ambiguam

309 3631 494 3697 sententiam
525 3630 692 3713 expromit,
720 3650 791 3715 prae
814 3632 936 3696 fortuna
957 3631 1127 3714 plurimum
1149 3630 1188 3696 ad
1210 3650 1257 3697 res
1280 3630 1432 3715 gerendas

384 3843 409 3908 1)
428 3841 466 3898 cf.
486 3842 582 3910 Pohl,
608 3842 657 3896 Die
674 3842 860 3911 Dtmcnolcgie
885 3842 931 3896 des
948 3843 1083 3898 Plutarch.
1119 3843 1148 3897 F.
1167 3842 1199 3897 A.
1221 3842 1338 3910 Ulrert,
1357 3833 1433 3898 Uber

309 3932 454 3998 deunen,
472 3930 576 3985 Hercen
595 3931 649 3984 und
667 3928 775 3986 Genien.
812 3930 943 3985 Abhandl.
962 3931 988 3986 d.
1011 3931 1065 4001 kgl.
1084 3932 1168 3986 maha.
1188 3930 1364 3986 Gesellschaft
1382 3931 1433 3986 der

309 4021 389 4074 Wiss.
408 4037 441 4073 zu
458 4019 586 4074 Drssdcn.
609 4019 646 4087 H,
668 4019 717 4074 139
726 4036 783 4090 sqq.
819 4019 873 4074 Ed.
892 4018 1055 4087 Gerhard,
1075 4011 1145 4074 [lber
1157 4020 1259 4087 Wesen,
1274 4020 1434 4074 Verwandt·

312 4109 398 4165 schalt
417 4109 471 4163 und
489 4108 629 4179 Ursprung
647 4108 693 4162 der
710 4109 846 4162 Damonem
865 4108 918 4162 und
937 4107 1044 4176 Genien,
1062 4109 1246 4164 aethnicus.
1282 4109 1431 4175 Lobeck,

308 4197 437 4268 Aglaoph.
456 4215 482 4268 p.
500 4198 561 4252 595.

381 4285 409 4351 2)
427 4284 465 4340 cf.
485 4286 563 4339 Birt
582 4287 600 4340 l.
619 4303 641 4342 c.
