3084 4834
150 519 186 564 er
201 499 383 583 Hieronymi
406 499 530 582 seriptis
553 501 665 579 hausit,
688 504 740 586 qui
763 522 884 585 prorsus
904 503 1111 584 providentiae
1127 503 1268 571 diffidens

147 624 184 670 ac
214 605 251 669 de
283 604 387 669 divina
418 605 525 670 mundi
555 606 777 690 gubernatione
809 609 933 673 omnino
971 608 1132 691 desperans
1162 613 1267 696 tyches

149 711 239 777 modo
261 712 436 794 superbiam
467 716 499 777 et
521 713 716 780 insolentiam
739 716 894 798 agnoscit,
917 719 1020 780 noster
1047 736 1164 801 quoque
1192 720 1266 784 Din-

148 821 241 885 dorus
264 821 383 883 mutata
416 823 519 884 mente
553 820 687 886 auctoris
715 823 763 886 sui
793 822 968 904 opinionem
997 825 1108 905 recipit
1136 837 1168 891 et
1197 844 1267 908 pro·

147 927 216 991 fitet
202 930 264 991 t.ur
303 926 418 990 XVIII.
443 934 501 992 60:
524 926 581 1013 τὴν
600 939 658 1014 της
684 928 779 1015 τύχης
804 925 1025 1012 καινοτομίαν.
1065 930 1181 996 XVIII.
1205 941 1265 997 42:

147 1035 206 1165 την
231 1033 327 1121 τύχην
349 1028 456 1110 ὀξείας
478 1030 673 1121 ποιουμένην
695 1034 888 1118 μεταβολάς.
927 1035 1013 1100 XIX.
1034 1045 1093 1100 42:
1115 1028 1200 1117 εἶξαι
1224 1037 1267 1126 τῇ

147 1140 234 1227 τύχη.
272 1140 343 1204 XX.
369 1147 426 1205 99.
456 1140 514 1226 την
541 1138 705 1205 ἅλωσιν
689 1164 726 1206 aa
751 1153 817 1205 τῶν
837 1154 952 1228 χειρῶν
973 1142 1074 1209 αυτοῦ
1094 1144 1151 1230 τὴν
1172 1144 1267 1232 τύχην

147 1247 351 1335 ἀφῃρῆσθαι.

214 1353 298 1429 Loci,
321 1353 374 1416 ubi
396 1352 546 1417 Diodorus
568 1351 723 1417 fortunam
739 1353 832 1419 variis
847 1354 998 1420 coloribus
1013 1355 1128 1437 pictam
1144 1356 1177 1420 in
1194 1376 1265 1422 eon-

147 1465 285 1544 spectum
310 1460 377 1536 dat,
395 1459 546 1523 cumulari
570 1464 710 1542 possuut3
734 1461 787 1525 sed
810 1460 965 1526 sufficiant
987 1480 1061 1544 quos
1084 1463 1187 1542 citavi,
1211 1464 1265 1548 qui

146 1567 240 1632 simul
264 1565 399 1648 priorum
423 1565 604 1645 scriptorum
629 1566 831 1648 cogitationes
853 1567 940 1630 nobis
956 1567 1175 1633 demonstrant.
1217 1571 1265 1635 Ita

146 1673 305 1757 Roesigeri
320 1675 361 1755 ¹),
385 1672 501 1755 Ungeri
515 1672 557 1754 ²),
580 1672 715 1736 Baehofii
730 1676 755 1755 3)
779 1673 1055 1754 disputationibus,
1083 1675 1156 1758 quid
1180 1677 1265 1759 cogi·

146 1780 280 1845 taverint
308 1780 423 1860 prIorcs
452 1777 607 1856 historici,
639 1798 676 1843 ex
705 1779 811 1856 libris,
841 1798 970 1863 quorum
1001 1780 1100 1846 fontes
1128 1781 1263 1861 fuerunt,

144 1888 234 1952 nobis
256 1886 380 1951 traditis
403 1889 558 1966 repertum
581 1889 613 1949 et
633 1885 821 1950 declaratum
844 1891 899 1952 est.
939 1887 1110 1953 Memorato
1134 1888 1263 1972 dignum

145 2014 209 2060 esse
232 1993 354 2058 videtur
377 1992 544 2058 Diodorum
568 1992 601 2056 in
621 1994 711 2058 rebus
731 1993 948 2059 diadochorum
967 1995 1141 2060 enarrandis
1164 1998 1262 2062 multo

145 2103 292 2166 maiorem
331 2100 468 2165 fortunae
502 2101 685 2180 potestatem
724 2101 883 2183 agnovisse
915 2120 1007 2184 quam
1043 2103 1074 2166 iu
1109 2103 1179 2166 aliis
1213 2103 1262 2168 sui

144 2208 243 2291 oporIs
266 2206 415 2290 partibus.

213 2313 377 2397 Dionysius
392 2312 679 2390 Halicamassensis,
704 2315 791 2379 cuius
806 2314 951 2379 historica
965 2315 1053 2392 ratio,
1077 2335 1147 2380 cum
1163 2315 1261 2380 histo·

142 2423 222 2489 riam
245 2420 444 2503 reipublicae
460 2419 608 2503 gerendae
628 2420 742 2485 bonum
758 2424 981 2503 praeceptorem
997 2425 1093 2503 putet,
1118 2442 1261 2506 magnam

142 2528 382 2596 etmiIItudinem
407 2546 477 2592 cum
499 2545 610 2610 genere
634 2527 801 2610 Polybiane
825 2528 933 2605 hahet,
963 2528 1042 2612 quod
1071 2529 1109 2594 ad
1134 2531 1260 2595 intImas

141 2654 213 2702 suas
243 2634 279 2699 de
302 2633 362 2699 diis
385 2634 535 2717 tyohequc
564 2634 766 2716 cogitationes
792 2634 920 2711 attinet,
950 2634 1104 2700 Herodoto
1131 2654 1259 2719 quoque,

140 2742 283 2826 populari
320 2759 375 2805 suo
412 2740 597 2818 clarissimo,
632 2739 745 2805 similis
780 2743 842 2818 est,
877 2740 931 2823 qui
965 2741 1058 2807 sicuti
1096 2743 1260 2826 DionysIus

140 2849 292 2916 invidiam
321 2850 445 2913 deorum
469 2845 613 2911 mortales
643 2864 697 2911 sua
719 2846 870 2912 felicitate
899 2848 960 2912 frui
990 2867 1050 2912 non
1072 2849 1259 2930 patientium

140 2956 319 3038 saepissime
338 2974 408 3019 cum
432 2971 543 3036 magna
566 2951 747 3019 verecundia
769 2957 997 3021 commemorat.
1038 2953 1139 3020 Sicuti
1154 2959 1259 3021 autem

30 3108 35 3123 .
140 3064 231 3148 tycho
254 3062 398 3144 superbos
427 3063 519 3142 atque
542 3059 707 3125 insolentes
734 3060 924 3143 gravissimis
952 3063 1057 3143 poenis
1079 3066 1182 3140 vexat,
1213 3064 1259 3129 sio

140 3171 303 3254 proborum
331 3187 367 3232 ac
395 3167 471 3232 bene
499 3166 679 3232 meritorum
706 3186 754 3232 res
783 3166 822 3231 ad
844 3167 966 3232 febrem
995 3167 1087 3233 finem
1116 3168 1257 3234 adducit:

140 3278 165 3342 Ι.
189 3284 217 3341 4.
244 3276 301 3341 ΙΙΙ.
320 3283 370 3339 21.
390 3275 473 3339 VIII.
492 3281 543 3339 24.
567 3274 682 3340 Tamen
700 3274 863 3358 Dionysius
886 3293 945 3349 eos,
968 3275 1022 3357 qui
1045 3294 1149 3340 omnes
1164 3276 1257 3341 bonos

140 3387 266 3449 eventus
288 3401 307 3446 a
329 3382 451 3446 tortura
471 3380 600 3463 pendere
623 3379 770 3458 iudicant,
793 3382 969 3463 vituperans
991 3382 1103 3446 acriter
1123 3383 1257 3449 affirmat

140 3491 283 3554 honestos
304 3508 340 3553 ac
362 3487 527 3552 laboriosos
549 3488 611 3553 suia
627 3488 763 3569 ipsorum
778 3488 914 3552 moribus
929 3507 965 3552 ac
979 3489 1147 3554 vIrtutihus
1170 3491 1257 3572 plura

138 3596 281 3680 perficere
308 3614 401 3678 quam
432 3595 554 3660 fortuna
582 3593 754 3659 adiurante.
801 3596 826 3659 1.
856 3603 893 3659 4:
923 3593 979 3658 καὶ
1010 3595 1105 3680 οἵγε
1134 3620 1256 3685 κακοη-

137 3701 291 3789 θέστεροι
321 3704 511 3790 κατηγορεῖν
543 3697 684 3767 εἰώθασι
718 3713 777 3789 της
802 3701 897 3789 τύχης
927 3702 1012 3767 κατὰ
1044 3703 1082 3767 τὸ
1116 3705 1256 3791 φανερὸν

211 3972 238 4036 1)
256 3971 305 4023 Die
318 3970 476 4038 Bedeutung
494 3967 635 4037 dor'Ipche
648 3969 691 4022 bei
704 3968 753 4021 den
769 3971 876 4038 epitom
890 3968 1068 4037 griechischen
1078 3968 1253 4036 Historikern,

135 4058 298 4114 namentlich
316 4059 358 4113 boi
375 4058 526 4112 Demetrius
545 4075 594 4111 von
613 4057 749 4111 Phaleron.
786 4057 920 4111 Konstanz
940 4058 1017 4113 1880.

208 4167 236 4232 2)
253 4166 365 4220 Diodors
385 4165 493 4231 Quellen
511 4166 539 4219 iu
558 4165 604 4219 der
621 4164 922 4233 Diadochengasehiehte
940 4165 958 4218 I.
978 4182 999 4219 e.

206 4275 235 4340 3)
253 4275 359 4328 Timbus
378 4274 417 4328 ale
436 4272 527 4339 erelle
546 4274 587 4327 fiir
605 4272 703 4327 Diodor
721 4272 792 4327 XIV.
811 4272 936 4327 54--ta
973 4271 1135 4324 FleckeIsens
1160 4269 1251 4324 Jahrb.

133 4362 214 4431 1879,
232 4381 258 4433 p.
278 4364 393 4433 lblsqq.

1022 4450 1038 4502 2
