3084 4834
286 456 411 522 omnino
435 455 472 520 de
494 456 584 540 tyche
607 474 725 539 quoque
749 454 899 520 creditum
929 457 976 519 est
990 456 1024 538 ¹).
1072 463 1106 521 6:
1134 452 1320 540 ἀνθρώπων
1343 454 1404 542 γὰρ

287 557 388 639 ὄντως
402 563 509 650 θνητὰ
521 560 581 645 μὲν
597 559 654 626 καὶ
670 559 817 649 ἐφήμερα
832 562 873 625 τὰ
889 560 1035 644 σώματα,
1050 558 1171 649 θνηταὶ
1187 558 1224 625 δὲ
1239 560 1330 642 τύχαι
1347 558 1405 627 καὶ

287 668 395 756 πάθη,
418 668 476 733 καὶ
499 658 600 733 πάντ’
626 667 742 745 ἁπλῶς
764 668 806 732 τὰ
829 668 914 731 κατὰ
937 667 992 733 τὸν
1013 663 1094 750 βίον.

353 776 412 840 Rei
435 775 525 858 plane
547 774 745 858 perficiendae
768 774 869 857 gratia
891 775 946 839 hos
967 793 1085 858 quoque
1108 775 1189 840 locos
1211 793 1248 838 cx
1270 793 1404 852 „conso-

285 882 401 948 latione
423 881 462 947 ad
484 881 711 963 Apollonium“
736 881 846 954 citari,
876 899 1058 964 quamquam
1087 900 1123 945 ea
1144 880 1310 945 secundum
1333 899 1404 962 pro·

288 989 390 1079 babile
412 988 601 1054 Volkmanni
614 988 641 1072 ⁹)
671 986 839 1064 iudicium,
870 987 920 1053 cui
950 988 1086 1052 Zellcrus
1099 988 1125 1071 5)
1154 1005 1271 1071 quoque
1300 1005 1405 1051 assau-

286 1095 383 1173 titur,
412 1114 472 1160 non
503 1098 550 1160 ast
584 1094 752 1160 Plutarchi.
806 1092 890 1173 Quae
924 1094 1105 1159 Bensalarus
1118 1095 1144 1177 4)
1179 1093 1298 1176 primus
1331 1092 1405 1159 huic

286 1203 367 1267 libro
393 1204 515 1285 propter
543 1202 644 1284 leges,
672 1220 746 1283 quas
773 1202 895 1265 secutus
924 1202 971 1265 est
994 1200 1179 1266 Plutarchus
1206 1200 1239 1262 in
1262 1198 1404 1264 evitando

288 1309 387 1386 hiatu,
408 1310 512 1391 aperta
535 1308 690 1391 neglectas
711 1306 803 1372 fidem
827 1307 972 1390 derogans
994 1306 1031 1371 de
1048 1306 1253 1373 consolatione
1270 1305 1404 1370 Pseudo-

287 1415 466 1499 plutarchaa
492 1413 656 1492 iudicarit,
691 1413 791 1479 causis
823 1431 842 1478 a
872 1413 1063 1478 Volkmauno
1092 1413 1212 1491 allatis,
1242 1412 1404 1477 sententiis

287 1521 461 1604 insignibus
487 1523 519 1586 et
545 1540 564 1586 a
590 1522 700 1586 ceteris
726 1519 979 1585 dissentientibus
1001 1519 1159 1603 alienaque
1187 1519 1287 1584 forma
1312 1522 1404 1602 atqua

288 1626 410 1692 dicendi
434 1626 537 1704 modo,
566 1626 831 1709 hapaxlagomenis
854 1626 1028 1708 saepissima
1051 1626 1294 1704 occurrentibus,
1317 1644 1404 1708 porro

288 1734 343 1812 iis,
379 1753 455 1815 quae
490 1735 527 1798 de
562 1733 697 1809 Pericle,
732 1733 953 1809 Demosthene,
988 1732 1086 1799 Diona
1120 1734 1299 1808 narrantur,
1334 1750 1404 1797 curn

286 1841 490 1923 explicatione
513 1840 546 1903 in
570 1839 644 1906 vitis
667 1857 771 1905 eorum
795 1841 957 1921 apparente
986 1838 1244 1920 discrepantibus,
1273 1839 1404 1923 denique

285 1947 475 2014 abundantia
492 1947 627 2029 miroque
643 1947 809 2011 citatorum
829 1965 886 2011 usu
901 1964 1022 2028 prorsus
1036 1945 1219 2011 adiuvantur
1236 1964 1335 2027 nequa
1350 1946 1403 2024 eis,

286 2072 363 2138 quac
381 2054 511 2119 Dinseus
524 2053 550 2137 ὅ)
565 2072 601 2118 ac
617 2053 775 2136 Patzigius
788 2054 814 2136 6)
829 2052 1087 2129 contradixerunt,
1105 2051 1181 2117 reici
1196 2071 1283 2135 posse
1299 2052 1403 2117 viden·

287 2163 349 2227 tur.
404 2161 485 2225 Nam
514 2159 580 2236 illi,
611 2179 680 2225 cum
708 2180 745 2225 ax
775 2162 840 2225 toto
869 2159 942 2225 libri
970 2178 1081 2244 genere
1110 2162 1203 2242 atque
1233 2158 1342 2223 habitu
1372 2160 1405 2222 et

287 2267 475 2349 singillatim
506 2287 542 2332 ax
571 2267 693 2351 figuris,
728 2267 996 2345 translationibus,
1027 2266 1215 2349 imaginibus
1244 2263 1404 2331 Plutarchi

286 2374 388 2441 solum
417 2374 547 2458 propriis
576 2393 662 2458 saepe
692 2375 831 2456 repetitis
860 2378 892 2438 et
920 2394 956 2439 ax
986 2373 1091 2439 citatis
1123 2373 1156 2437 in
1186 2370 1257 2437 aliis
1286 2389 1403 2454 quoquc

289 2479 450 2545 Plutarchi
473 2480 596 2564 scriptis
623 2480 718 2545 ctiam
747 2484 839 2564 atque
866 2478 961 2545 etiam
989 2478 1215 2544 recurrentibus
1242 2476 1404 2542 concludat

287 2587 367 2653 hano
390 2586 675 2665 „consolationem‘
699 2588 764 2652 sinc
787 2587 879 2652 dubio
896 2587 1055 2651 Plutarchi
1078 2605 1152 2663 assa,
1174 2603 1210 2649 ac
1232 2583 1402 2649 rectissime

287 2696 419 2771 censeat,
442 2696 547 2759 utrum
569 2693 695 2759 libellus
716 2693 830 2776 aliquis
852 2693 1012 2759 Plutarchi
1034 2693 1077 2757 sit
1099 2710 1209 2769 necne,
1232 2707 1403 2756 sermonem

288 2802 410 2866 tanturn
427 2805 459 2866 et
474 2801 675 2866 elocutionem
687 2799 875 2884 exquirendo
897 2803 929 2865 ct
944 2799 1158 2865 considerando
1173 2795 1402 2863 diiudicandum

287 2925 363 2984 csse,
386 2908 563 2988 respondere
585 2926 744 2990 possumus
766 2907 800 2971 in
823 2907 880 2972 hoc
902 2907 967 2989 ipso
989 2905 1095 2971 libello
1121 2923 1290 2970 sermonem
1313 2906 1404 2986 atque

287 3010 490 3077 elocutionem
524 3014 720 3079 vehementer
755 3033 825 3081 cum
860 3031 895 3077 aa
929 3012 1113 3095 discrepare,
1147 3030 1237 3095 quarn
1270 3011 1304 3075 in
1333 3008 1404 3074 aliis

288 3117 449 3184 Plutarchi
472 3120 594 3202 scriptis
616 3118 795 3202 reperimus.
835 3118 902 3199 Qua
923 3119 957 3184 in
980 3138 1013 3183 ra
1028 3118 1176 3184 innititur
1198 3117 1277 3183 altar
1298 3117 1353 3180 ille
1366 3116 1393 3195 ⁷)

288 3263 500 3275 —-.—......

362 3334 389 3395 1)
406 3332 443 3388 Cf.
459 3333 489 3387 E.
503 3333 631 3401 Rohda,
646 3333 700 3386 Der
715 3332 874 3401 griechische
888 3333 990 3386 Roman
1001 3331 1055 3385 und
1070 3332 1140 3385 seina
1152 3330 1297 3396 Vorlitufar‚
1307 3347 1332 3400 p.
1342 3330 1404 3385 281.

360 3422 388 3487 2)
412 3421 604 3478 Commentatio
631 3422 663 3476 da
690 3423 866 3476 consolatione
889 3422 923 3475 ad
948 3421 1113 3491 Apollonium
1139 3418 1403 3489 Pseudoplutarchea.

288 3510 636 3580 Philologenversammluug
659 3529 690 3566 zu
717 3512 804 3566 Halia.
846 3511 926 3565 Jauar
951 3512 1029 3565 1867.
1065 3511 1164 3576 laban,
1188 3509 1318 3562 Schriften
1349 3507 1405 3562 und

288 3599 456 3670 Philosophia
481 3600 527 3654 das
549 3601 676 3655 Plutarch
698 3601 724 3669 I,
750 3602 865 3671 129sqq.
902 3599 940 3656 cf.
959 3599 1060 3666 Fuhr,
1084 3598 1178 3653 Rhain.
1196 3598 1265 3652 Mus.
1283 3596 1406 3650 XXXIII

286 3689 387 3756 (1878),
406 3706 431 3758 p.
450 3689 511 3744 590.

359 3779 388 3844 3)
405 3778 454 3832 Die
472 3778 638 3849 Philosophia
656 3778 702 3833 der
720 3777 846 3833 Griechen
865 3779 918 3832 111.
937 3780 962 3845 2,
980 3796 1006 3848 p.
1027 3779 1077 3833 159
1087 3795 1143 3848 sqq.

359 3868 388 3933 4)
405 3867 445 3921 De
463 3867 539 3921 hiatu
556 3869 584 3921 in
602 3868 773 3938 scriptoribus
792 3866 897 3922 Graecis
915 3868 937 3932 l,
956 3869 1017 3922 546.

360 3957 388 4023 5)
406 3957 530 4025 Baitrtge
557 3973 602 4011 nur
624 3957 713 4011 Kritih
742 3957 788 4010 der
816 3956 989 4010 lhosmchriit
1017 3955 1158 4010 Plutarchs
1182 3971 1216 4008 an
1241 3953 1405 4024 Apollonius,

287 4045 378 4100 Berlin
397 4047 474 4109 1814.

360 4136 388 4200 6)
406 4134 577 4200 Quaastionas
595 4135 775 4189 Plutarchaae.
811 4135 882 4189 Dies.
901 4135 989 4202 inaug.
1025 4133 1116 4187 Berlin
1135 4134 1211 4188 1876.

360 4225 387 4290 7)
405 4225 439 4279 H.
458 4225 578 4294 Patnig
595 4225 613 4279 l.
633 4241 654 4279 c.
673 4227 744 4279 recte
762 4224 841 4278 dicit:
861 4224 1021 4291 „fluctuavit
1038 4224 1108 4277 anim
1126 4222 1181 4276 eius
1200 4219 1303 4274 dicendi
1320 4235 1404 4288 genus

286 4315 368 4382 atqua
386 4314 483 4367 multas
501 4331 652 4385 perpassum
671 4318 713 4368 est
730 4314 903 4380 mutationes,
927 4313 1078 4383 priusquam
1101 4311 1135 4365 ad
1153 4327 1210 4365 eam
1228 4309 1404 4379 eloquentiam
